1532 3123
573 599 679 624 Dictio
695 599 765 624 VIII.
1116 600 1172 629 447

167 685 292 714 futurum
315 686 434 722 ambigo,
461 685 603 722 splendori
630 686 659 714 te
686 684 774 713 istum
801 693 914 715 suorum
944 693 1023 722 posse
1049 684 1171 722 reddere,

166 739 245 768 quem
266 730 330 760 aliis
350 731 509 760 contulisti:
529 732 621 767 potest
640 730 717 759 enim
736 730 818 760 facile
833 733 960 760 ueterum
973 730 1070 760 decora
1083 730 1171 760 susci·

165 779 223 807 tare
245 777 291 806 oui
310 777 353 806 fas
372 779 415 807 est
434 784 507 806 noua
527 778 696 806 construere.
726 784 782 805 non
802 778 896 806 credas
917 777 985 806 haee
1005 784 1065 806 esse
1084 776 1171 805 solius

165 824 349 852 incitamenta
368 822 525 852 facundiae.
551 822 604 852 tibi
624 823 674 851 uni
694 830 855 851 concessum
876 822 920 851 est
942 821 1103 851 claritatem
1122 822 1172 851 aut

148 870 228 898 sdare
248 869 298 898 aut
313 876 440 907 reparare
460 869 606 898 maiorum.
632 869 710 897 stant
729 869 794 897 ante
814 868 909 897 oculos
922 868 985 897 tuos
999 877 1054 898 non
1067 876 1172 898 annosa

164 914 241 952 pueri
269 916 451 944 monumenta
479 916 527 944 sed
557 914 688 943 recentia.
718 914 848 951 peritiam
876 916 956 943 tuam
981 914 1123 943 Firminus
1143 916 1171 943 et

164 960 294 997 Liberius,
315 960 417 989 aetatis
436 968 502 989 suae
522 960 622 995 sidera,
643 960 697 989 hae
716 967 783 989 uoce
804 959 982 989 conueniunt.

200 1005 340 1043 “Suscipe‚
355 1006 513 1035 doctissime
526 1006 681 1041 hominum,
701 1006 846 1043 utriusque
862 1006 990 1043 plantam
1003 1005 1127 1035 familiae
1142 1006 1171 1034 et

164 1051 297 1087 culmum,
310 1052 339 1081 in
354 1060 407 1089 quo
417 1051 548 1090 grauidas
559 1052 660 1081 aristas
670 1051 773 1089 parias,
786 1052 923 1081 secundus
936 1051 1063 1081 adtende.
1078 1051 1170 1089 scalpe

133 1097 279 1129 marculis
298 1098 414 1127 uberem
427 1098 543 1135 terram,
562 1105 632 1135 quae
644 1098 668 1127 si
681 1098 768 1127 nostri
781 1098 823 1127 est
835 1098 970 1135 germinis
984 1097 1080 1131 fibula,
1100 1098 1171 1127 feret

164 1143 216 1173 tuis
241 1143 365 1180 profecte
394 1143 534 1173 laboribus
556 1151 729 1181 responsura.
763 1144 830 1173 doce
851 1144 905 1173 udo
925 1144 996 1173 libro
1016 1144 1169 1173 adolescere

164 1189 294 1219 maritata
318 1188 469 1227 plantaria:
497 1189 600 1218 nouelli
625 1189 756 1219 dentibus
782 1190 900 1227 uirgulti
920 1189 1044 1218 fructum
1063 1190 1168 1219 surculi

164 1235 285 1264 melioris
316 1235 508 1264 adcommoda:
538 1236 633 1264 ueniat
661 1243 808 1272 pomorum
835 1243 994 1270 successus,
1025 1236 1092 1264 dum
1123 1244 1169 1265 ore

164 1284 254 1310 tenero
275 1281 421 1310 sublimior
441 1280 476 1309 ab
497 1281 545 1309 illo
563 1281 593 1309 te
612 1280 729 1310 docente
744 1281 844 1319 planta
857 1281 1006 1316 mordetur,
1027 1282 1101 1318 quia,
1115 1281 1168 1310 nisi

141 1327 312 1359 „edomitam
338 1329 440 1355 terram
468 1328 566 1363 terque
586 1327 614 1355 et
634 1327 732 1363 quater
757 1326 895 1364 agricolae
917 1326 1059 1364 ligonibus
1080 1328 1167 1365 serip-

164 1373 255 1409 serint,
277 1371 417 1402 triticeam
437 1380 554 1402 messem
574 1372 701 1410 paliurus
721 1373 865 1409 superabit
879 1374 908 1401 et
927 1372 1036 1401 lolium.
1067 1381 1167 1401 munus

163 1418 319 1448 Palladium
338 1420 366 1447 et
386 1426 454 1447 cana
478 1426 592 1448 nemora
616 1418 692 1447 bacis
716 1418 845 1455 plurimis
871 1418 982 1447 cultura
1006 1418 1167 1455 locupletat.

163 1463 239 1494 India
268 1464 358 1494 multo
388 1466 485 1494 sudore
515 1471 569 1501 quo
594 1472 623 1493 se
648 1463 737 1493 iactat
765 1464 906 1493 hebenum
936 1464 1034 1493 nutrit.
1067 1463 1167 1493 Sabaei

163 1511 240 1548 uirga
261 1511 375 1547 cespitis
388 1518 474 1539 manu
488 1510 613 1540 cessante
627 1518 682 1539 non
696 1509 815 1546 proficit.
842 1509 983 1539 industria
998 1509 1074 1545 fecit,
1095 1509 1168 1546 quod

141 1557 321 1586 »Paestaneis
340 1564 415 1585 rosas
437 1557 552 1585 dumeta
571 1556 746 1593 pepererunt,
767 1563 835 1592 quas
849 1555 883 1584 de
897 1556 985 1593 spinis
1006 1564 1055 1584 ceu
1076 1556 1168 1594 terrae

162 1601 251 1631 sidera
280 1601 359 1631 labor
389 1602 484 1639 exigit.
518 1602 584 1631 felix
614 1604 657 1631 est
686 1602 826 1638 operantis
855 1601 1007 1639 instantia,
1039 1602 1167 1638 quotiens

160 1646 247 1685 glebis
277 1647 408 1677 uberibus
438 1656 537 1677 manus
567 1646 724 1677 adhibetur.
760 1649 826 1676 tunc
857 1647 930 1676 fessa
959 1647 1071 1676 brachia
1100 1655 1166 1676 suco

161 1693 264 1723 effusae
284 1694 450 1723 ualitudinis
469 1694 673 1728 intumescunt,
699 1693 808 1730 quando
832 1694 974 1731 integrum
994 1693 1073 1722 fenus
1093 1692 1166 1722 ruri-

201 1775 213 1798 1
231 1774 354 1805 splendori
370 1775 402 1805 B,
427 1774 538 1805 splendor
554 1774 678 1804 LPTVb,
699 1773 848 1805 splendorem
860 1773 948 1802 δίνης
969 1781 1004 1797 an
1014 1773 1166 1804 splendorem

156 1811 203 1836 ei?
295 1812 338 1836 isti
362 1812 437 1839 Sim».
536 1813 552 1837 3
575 1820 626 1837 esse
649 1812 707 1836 haec
733 1812 756 1836 T
853 1811 932 1836 sulius
955 1812 990 1835 B·
1087 1812 1103 1836 4
1127 1812 1165 1836 fa-

156 1851 252 1875 cundiae
276 1851 301 1875 Β
392 1851 468 1876 tibimt
492 1851 516 1876 L
612 1851 629 1875 5
648 1851 730 1875 oculus
751 1852 808 1875 tuus
828 1850 853 1874 Β
944 1850 1003 1881 non]
1026 1857 1058 1888 au
1084 1851 1107 1875 Τ

157 1897 172 1920 7
191 1897 305 1928 glicerius
325 1897 350 1921 Β
441 1898 457 1922 9
477 1897 593 1922 culmium
611 1897 634 1922 Τ
724 1898 815 1921 arsetas
831 1897 856 1921 B
948 1882 1077 1927 patrins'st
1092 1898 1166 1928 eras.)

160 1935 183 1959 V
276 1935 391 1959 secondns
411 1935 437 1960 B
530 1935 559 1959 10
579 1935 678 1960 sarcolis
698 1935 734 1964 Β,
758 1934 860 1959 sacculis
881 1934 904 1958 T
994 1934 1056 1959 feret
1070 1935 1166 1966 scripsi,

156 1973 186 1997 fit
205 1973 332 2003 BLPTV,
356 1974 390 1998 sit
411 1974 425 1998 b
518 1974 546 1997 11
568 1974 626 1998 doce
641 1974 688 1998 udo
704 1975 730 2003 (u
750 1974 778 1997 in
792 1980 808 1997 n
824 1975 897 2002 corr.)
915 1973 942 2002 T,
965 1972 1069 1997 docendo
1090 1973 1104 1997 b

157 2015 285 2039 adoliscere
308 2017 333 2045 (o
357 2022 388 2040 ex
410 2023 427 2039 u
450 2017 522 2046 corr.)
548 2016 573 2040 Β
676 2015 704 2040 12
727 2004 840 2040 dentibus
862 2004 968 2046 'uirgulti
993 2015 1016 2039 Τ
1116 2023 1165 2041 sor-

156 2054 203 2078 cnli
227 2054 252 2078 Β
362 2055 391 2079 13
416 2053 528 2079 acomoda
557 2054 588 2078 V²
696 2061 816 2078 suscessus
840 2054 875 2078 ΖΗ
985 2055 1013 2078 15
1036 2047 1057 2078 θ’
1078 2054 1104 2079 L

156 2091 299 2116 scribserent
323 2092 347 2116 Β
446 2094 476 2117 16
501 2093 610 2124 palenrns
634 2093 659 2117 B
758 2100 845 2117 munus
869 2092 923 2123 (alt.
946 2099 963 2116 n
986 2094 1057 2122 corr.)
1079 2092 1103 2116 B

157 2145 187 2169 1⁷
209 2146 331 2177 paludium
359 2145 391 2169 Τ1
499 2135 544 2171 «2¹²⁸
564 2147 589 2171 Β
696 2146 825 2177 locopletat
847 2146 872 2170 B
981 2146 1010 2171 18
1034 2146 1165 2170 habenam

156 2184 232 2208 BLV
321 2185 386 2209 sabei
402 2185 507 2215 LPTV,
531 2185 597 2210 sauei
613 2185 638 2209 Β
732 2185 761 2209 19
780 2185 878 2216 cispetis
894 2185 929 2209 B¹
1021 2192 1096 2209 munu
1112 2185 1166 2215 (au.

156 2229 173 2245 u
191 2222 221 2246 in
239 2229 289 2248 m.
311 2224 383 2253 con.)
407 2223 431 2247 Β
523 2224 624 2254 proiecit
647 2224 682 2248 B¹
779 2223 811 2248 20
834 2223 967 2254 paestaneis
991 2222 1019 2251 b,
1046 2222 1165 2247 bestaneis

158 2274 279 2300 BLPTV
351 2264 467 2307 popei-unt
477 2277 508 2306 B,
525 2266 668 2308 pei-eperunt
681 2277 704 2301 T
774 2284 816 2301 seu
827 2276 868 2301 Pb
944 2276 975 2300 22
985 2282 1068 2301 manos
1079 2276 1104 2301 Β

158 2313 285 2338 nabebatur
309 2314 335 2338 B
427 2322 495 2339 succo
520 2314 543 2339 Τ
632 2315 664 2339 23
683 2314 757 2339 effuse
778 2315 803 2339 Β
895 2315 1054 2339 intomiseunt
1078 2315 1104 2339 Β

161 2353 240 2376 faenus
258 2352 282 2377 V
374 2353 488 2378 rurecolis
505 2353 530 2377 B
