<?xml version="1.0" encoding="UTF-8"?>
<!DOCTYPE html PUBLIC "-//W3C//DTD XHTML 1.0 Transitional//EN"
    "http://www.w3.org/TR/xhtml1/DTD/xhtml1-transitional.dtd">
<html xmlns="http://www.w3.org/1999/xhtml" xml:lang="en" lang="en">
 <head>
  <title>
</title>
<meta http-equiv="Content-Type" content="text/html;charset=utf-8" />
  <meta name='ocr-system' content='tesseract 3.04.00' />
  <meta name='ocr-capabilities' content='ocr_page ocr_carea ocr_par ocr_line ocrx_word'/>
</head>
<body>
  <div class='ocr_page' id='page_1' title='image "./magnifelicisenn00ennogoog_0262.png"; bbox 0 0 1532 3123; ppageno 0'>
   <div class='ocr_carea' id='block_1_1' title="bbox 235 593 916 625">
    <p class='ocr_par' dir='ltr' id='par_1_1' title="bbox 235 593 916 625">
     <span class='ocr_line' id='line_1_1' title="bbox 235 593 916 625; baseline -0.003 -6"><span class='ocrx_word' id='word_1_1' title='bbox 235 596 288 625; x_wconf 78' lang='lat'><strong>158</strong></span> <span class='ocrx_word' id='word_1_2' title='bbox 552 594 652 625; x_wconf 75' lang='lat' dir='ltr'><strong>Magni</strong></span> <span class='ocrx_word' id='word_1_3' title='bbox 668 594 783 618; x_wconf 73' lang='lat' dir='ltr'><strong>Feliei-</strong></span> <span class='ocrx_word' id='word_1_4' title='bbox 799 593 916 618; x_wconf 78' lang='lat' dir='ltr'><strong>Ennodi</strong></span> 
     </span>
    </p>
   </div>
   <div class='ocr_carea' id='block_1_2' title="bbox 556 738 911 841">
    <p class='ocr_par' dir='ltr' id='par_1_2' title="bbox 556 738 911 841">
     <span class='ocr_line' id='line_1_2' title="bbox 697 738 773 768; baseline 0 0"><span class='ocrx_word' id='word_1_5' title='bbox 697 738 773 768; x_wconf 88' lang='lat' dir='ltr'>XVI.</span> 
     </span>
     <span class='ocr_line' id='line_1_3' title="bbox 556 814 911 841; baseline 0 -2"><span class='ocrx_word' id='word_1_6' title='bbox 556 815 720 840; x_wconf 81' lang='lat' dir='ltr'>ENNODIVS</span> <span class='ocrx_word' id='word_1_7' title='bbox 740 814 911 841; x_wconf 71' lang='lat' dir='ltr'><strong>Lvmmoso.</strong></span> 
     </span>
    </p>
   </div>
   <div class='ocr_carea' id='block_1_3' title="bbox 233 877 1273 1880">
    <p class='ocr_par' dir='ltr' id='par_1_3' title="bbox 233 877 1273 1880">
     <span class='ocr_line' id='line_1_4' title="bbox 270 877 1236 915; baseline -0.001 -7"><span class='ocrx_word' id='word_1_8' title='bbox 270 878 334 908; x_wconf 84' lang='lat' dir='ltr'><strong>Non</strong></span> <span class='ocrx_word' id='word_1_9' title='bbox 347 878 477 908; x_wconf 87' lang='lat' dir='ltr'><strong>deberent</strong></span> <span class='ocrx_word' id='word_1_10' title='bbox 490 886 549 907; x_wconf 85' lang='lat' dir='ltr'><strong>esse</strong></span> <span class='ocrx_word' id='word_1_11' title='bbox 565 878 706 915; x_wconf 86' lang='lat' dir='ltr'><strong>negotiosa</strong></span> <span class='ocrx_word' id='word_1_12' title='bbox 722 878 876 915; x_wconf 86' lang='lat' dir='ltr'><strong>conloquia,</strong></span> <span class='ocrx_word' id='word_1_13' title='bbox 898 886 968 915; x_wconf 83' lang='lat' dir='ltr'><strong>quae</strong></span> <span class='ocrx_word' id='word_1_14' title='bbox 982 886 1030 915; x_wconf 90' lang='lat' dir='ltr'><strong>pro</strong></span> <span class='ocrx_word' id='word_1_15' title='bbox 1044 877 1165 907; x_wconf 87' lang='lat' dir='ltr'><strong>remedio</strong></span> <span class='ocrx_word' id='word_1_16' title='bbox 1182 878 1236 907; x_wconf 84' lang='lat' dir='ltr'><strong>sibi</strong></span> 
     </span>
     <span class='ocr_line' id='line_1_5' title="bbox 234 923 1237 965; baseline -0.001 -12"><span class='ocrx_word' id='word_1_17' title='bbox 234 932 312 953; x_wconf 87' lang='lat' dir='ltr'><strong>amor</strong></span> <span class='ocrx_word' id='word_1_18' title='bbox 338 924 459 958; x_wconf 86' lang='lat' dir='ltr'><strong>inuenit,</strong></span> <span class='ocrx_word' id='word_1_19' title='bbox 490 931 541 953; x_wconf 81' lang='lat' dir='ltr'><strong>neo</strong></span> <span class='ocrx_word' id='word_1_20' title='bbox 568 924 711 961; x_wconf 78' lang='lat' dir='ltr'><strong>religionis</strong></span> <span class='ocrx_word' id='word_1_21' title='bbox 742 923 912 965; x_wconf 76' lang='lat' dir='ltr'><strong>stipendium</strong></span> <span class='ocrx_word' id='word_1_22' title='bbox 934 923 980 953; x_wconf 78' lang='lat' dir='ltr'><strong>ad</strong></span> <span class='ocrx_word' id='word_1_23' title='bbox 1010 923 1165 953; x_wconf 78' lang='lat' dir='ltr'><strong>necessaria</strong></span> <span class='ocrx_word' id='word_1_24' title='bbox 1189 932 1237 953; x_wconf 89' lang='lat' dir='ltr'><strong>nos</strong></span> 
     </span>
     <span class='ocr_line' id='line_1_6' title="bbox 236 969 1268 1007; baseline -0.002 -8"><span class='ocrx_word' id='word_1_25' title='bbox 236 972 375 1007; x_wconf 74' lang='lat' dir='ltr'><strong>oporteret</strong></span> <span class='ocrx_word' id='word_1_26' title='bbox 400 978 514 999; x_wconf 83' lang='lat' dir='ltr'><strong>euocare</strong></span> <span class='ocrx_word' id='word_1_27' title='bbox 540 969 717 1007; x_wconf 81' lang='lat' dir='ltr'><strong>commercia,</strong></span> <span class='ocrx_word' id='word_1_28' title='bbox 738 970 815 1007; x_wconf 57' lang='lat' dir='ltr'><strong>‹quia</strong></span> <span class='ocrx_word' id='word_1_29' title='bbox 845 969 924 999; x_wconf 87' lang='lat' dir='ltr'><strong>dulce</strong></span> <span class='ocrx_word' id='word_1_30' title='bbox 952 970 1025 999; x_wconf 82' lang='lat' dir='ltr'><strong>osset</strong></span> <span class='ocrx_word' id='word_1_31' title='bbox 1055 969 1237 1007; x_wconf 75' lang='lat' dir='ltr'><strong>epistularum</strong></span> <span class='ocrx_word' id='word_1_32' title='bbox 1256 978 1268 996; x_wconf 73' lang='lat'>⁵</span> 
     </span>
     <span class='ocr_line' id='line_1_7' title="bbox 235 1015 1238 1053; baseline 0 -9"><span class='ocrx_word' id='word_1_33' title='bbox 235 1016 331 1045; x_wconf 86' lang='lat' dir='ltr'><strong>munia</strong></span> <span class='ocrx_word' id='word_1_34' title='bbox 350 1016 404 1045; x_wconf 87' lang='lat' dir='ltr'><strong>soli</strong></span> <span class='ocrx_word' id='word_1_35' title='bbox 424 1015 548 1045; x_wconf 77' lang='lat' dir='ltr'><strong>militare</strong></span> <span class='ocrx_word' id='word_1_36' title='bbox 570 1015 729 1045; x_wconf 78' lang='lat' dir='ltr'>concordiae</span> <span class='ocrx_word' id='word_1_37' title='bbox 749 1019 800 1044; x_wconf 79' lang='lat' dir='ltr'><strong>nec</strong></span> <span class='ocrx_word' id='word_1_38' title='bbox 819 1020 878 1045; x_wconf 83' lang='lat' dir='ltr'><strong>rem</strong></span> <span class='ocrx_word' id='word_1_39' title='bbox 893 1015 1054 1053; x_wconf 71' lang='lat' dir='ltr'><strong>diligentiae</strong></span> <span class='ocrx_word' id='word_1_40' title='bbox 1074 1016 1103 1045; x_wconf 90' lang='lat' dir='ltr'><strong>in</strong></span> <span class='ocrx_word' id='word_1_41' title='bbox 1118 1015 1238 1052; x_wconf 80' lang='lat' dir='ltr'><strong>aucupia</strong></span> 
     </span>
     <span class='ocr_line' id='line_1_8' title="bbox 234 1061 1238 1099; baseline 0 -9"><span class='ocrx_word' id='word_1_42' title='bbox 234 1061 385 1091; x_wconf 82' lang='lat' dir='ltr'><strong>transferre</strong></span> <span class='ocrx_word' id='word_1_43' title='bbox 411 1062 571 1099; x_wconf 84' lang='lat' dir='ltr'><strong>conpendii!</strong></span> <span class='ocrx_word' id='word_1_44' title='bbox 606 1062 655 1091; x_wconf 89' lang='lat' dir='ltr'><strong>sed</strong></span> <span class='ocrx_word' id='word_1_45' title='bbox 681 1062 783 1091; x_wconf 71' lang='lat' dir='ltr'><strong>res‘ad</strong></span> <span class='ocrx_word' id='word_1_46' title='bbox 808 1062 862 1091; x_wconf 85' lang='lat' dir='ltr'><strong>hoc</strong></span> <span class='ocrx_word' id='word_1_47' title='bbox 885 1061 981 1097; x_wconf 84' lang='lat' dir='ltr'><strong>rediit,</strong></span> <span class='ocrx_word' id='word_1_48' title='bbox 1009 1063 1042 1091; x_wconf 89' lang='lat' dir='ltr'><strong>ut</strong></span> <span class='ocrx_word' id='word_1_49' title='bbox 1066 1061 1121 1090; x_wconf 87' lang='lat' dir='ltr'><strong>nisi</strong></span> <span class='ocrx_word' id='word_1_50' title='bbox 1147 1061 1238 1090; x_wconf 86' lang='lat' dir='ltr'><strong>senior</strong></span> 
     </span>
     <span class='ocr_line' id='line_1_9' title="bbox 234 1107 1238 1146; baseline -0.001 -9"><span class='ocrx_word' id='word_1_51' title='bbox 234 1110 345 1144; x_wconf 86' lang='lat' dir='ltr'><strong>caritas,</strong></span> <span class='ocrx_word' id='word_1_52' title='bbox 367 1117 436 1145; x_wconf 86' lang='lat' dir='ltr'><strong>quae</strong></span> <span class='ocrx_word' id='word_1_53' title='bbox 460 1107 659 1137; x_wconf 84' lang='lat' dir='ltr'><strong>inter-nos·ab</strong></span> <span class='ocrx_word' id='word_1_54' title='bbox 673 1109 733 1145; x_wconf 85' lang='lat' dir='ltr'><strong>ipso</strong></span> <span class='ocrx_word' id='word_1_55' title='bbox 752 1108 826 1137; x_wconf 84' lang='lat' dir='ltr'><strong>uitae</strong></span> <span class='ocrx_word' id='word_1_56' title='bbox 845 1108 943 1137; x_wconf 88' lang='lat' dir='ltr'><strong>limine</strong></span> <span class='ocrx_word' id='word_1_57' title='bbox 963 1108 1083 1146; x_wconf 81' lang='lat' dir='ltr'><strong>sumpsit</strong></span> <span class='ocrx_word' id='word_1_58' title='bbox 1096 1107 1238 1137; x_wconf 79' lang='lat' dir='ltr'><strong>exordium</strong></span> 
     </span>
     <span class='ocr_line' id='line_1_10' title="bbox 233 1154 1238 1191; baseline -0.001 -8"><span class='ocrx_word' id='word_1_59' title='bbox 233 1155 261 1184; x_wconf 85' lang='lat' dir='ltr'><strong>et</strong></span> <span class='ocrx_word' id='word_1_60' title='bbox 285 1163 335 1191; x_wconf 90' lang='lat' dir='ltr'><strong>per</strong></span> <span class='ocrx_word' id='word_1_61' title='bbox 355 1154 449 1183; x_wconf 82' lang='lat' dir='ltr'><strong>uarias</strong></span> <span class='ocrx_word' id='word_1_62' title='bbox 473 1154 647 1191; x_wconf 81' lang='lat' dir='ltr'>profectuum</span> <span class='ocrx_word' id='word_1_63' title='bbox 673 1154 748 1183; x_wconf 88' lang='lat' dir='ltr'><strong>uires</strong></span> <span class='ocrx_word' id='word_1_64' title='bbox 771 1162 892 1183; x_wconf 81' lang='lat' dir='ltr'>messem</span> <span class='ocrx_word' id='word_1_65' title='bbox 918 1154 1025 1191; x_wconf 84' lang='lat' dir='ltr'><strong>gratiae</strong></span> <span class='ocrx_word' id='word_1_66' title='bbox 1049 1154 1179 1190; x_wconf 86' lang='lat' dir='ltr'><strong>perduxit</strong></span> <span class='ocrx_word' id='word_1_67' title='bbox 1203 1154 1238 1182; x_wconf 87' lang='lat' dir='ltr'><strong>ad</strong></span> 
     </span>
     <span class='ocr_line' id='line_1_11' title="bbox 234 1199 1271 1237; baseline 0.001 -9"><span class='ocrx_word' id='word_1_68' title='bbox 234 1208 336 1235; x_wconf 81' lang='lat' dir='ltr'><strong>aream,</strong></span> <span class='ocrx_word' id='word_1_69' title='bbox 358 1201 491 1236; x_wconf 86' lang='lat' dir='ltr'><strong>conpulsa</strong></span> <span class='ocrx_word' id='word_1_70' title='bbox 510 1207 558 1237; x_wconf 89' lang='lat' dir='ltr'><strong>pro</strong></span> <span class='ocrx_word' id='word_1_71' title='bbox 572 1201 642 1229; x_wconf 88' lang='lat' dir='ltr'><strong>meis</strong></span> <span class='ocrx_word' id='word_1_72' title='bbox 656 1200 782 1236; x_wconf 84' lang='lat' dir='ltr'><strong>partibus</strong></span> <span class='ocrx_word' id='word_1_73' title='bbox 795 1201 908 1229; x_wconf 85' lang='lat' dir='ltr'><strong>stimulo</strong></span> <span class='ocrx_word' id='word_1_74' title='bbox 924 1199 1082 1236; x_wconf 78' lang='lat' dir='ltr'><strong>scriptionis</strong></span> <span class='ocrx_word' id='word_1_75' title='bbox 1096 1199 1237 1237; x_wconf 75' lang='lat' dir='ltr'>adsurgat,</span> <span class='ocrx_word' id='word_1_76' title='bbox 1247 1211 1271 1229; x_wconf 89' lang='grc' dir='ltr'><strong>ιο</strong></span> 
     </span>
     <span class='ocr_line' id='line_1_12' title="bbox 236 1246 1237 1283; baseline 0.001 -9"><span class='ocrx_word' id='word_1_77' title='bbox 236 1246 334 1283; x_wconf 81' lang='lat' dir='ltr'><strong>grandi</strong></span> <span class='ocrx_word' id='word_1_78' title='bbox 361 1246 571 1283; x_wconf 75' lang='lat' dir='ltr'><strong>ingratitudinis</strong></span> <span class='ocrx_word' id='word_1_79' title='bbox 598 1247 626 1275; x_wconf 90' lang='lat' dir='ltr'><strong>et</strong></span> <span class='ocrx_word' id='word_1_80' title='bbox 651 1246 883 1275; x_wconf 76' lang='lat' dir='ltr'><strong>detrimentorum</strong></span> <span class='ocrx_word' id='word_1_81' title='bbox 913 1246 1062 1274; x_wconf 87' lang='lat' dir='ltr'><strong>sterilitate</strong></span> <span class='ocrx_word' id='word_1_82' title='bbox 1090 1246 1237 1282; x_wconf 81' lang='lat' dir='ltr'><strong>percutiar.</strong></span> 
     </span>
     <span class='ocr_line' id='line_1_13' title="bbox 234 1292 1237 1329; baseline 0 -9"><span class='ocrx_word' id='word_1_83' title='bbox 234 1292 364 1321; x_wconf 83' lang='lat' dir='ltr'><strong>meminit</strong></span> <span class='ocrx_word' id='word_1_84' title='bbox 384 1292 538 1329; x_wconf 80' lang='lat' dir='ltr'><strong>amplitudo</strong></span> <span class='ocrx_word' id='word_1_85' title='bbox 557 1294 650 1321; x_wconf 79' lang='lat' dir='ltr'><strong>uestra</strong></span> <span class='ocrx_word' id='word_1_86' title='bbox 664 1300 733 1329; x_wconf 84' lang='lat' dir='ltr'><strong>quae</strong></span> <span class='ocrx_word' id='word_1_87' title='bbox 747 1292 781 1320; x_wconf 83' lang='lat' dir='ltr'><strong>de</strong></span> <span class='ocrx_word' id='word_1_88' title='bbox 798 1292 930 1328; x_wconf 82' lang='lat' dir='ltr'><strong>expensis,</strong></span> <span class='ocrx_word' id='word_1_89' title='bbox 952 1300 1021 1328; x_wconf 80' lang='lat' dir='ltr'><strong>quae</strong></span> <span class='ocrx_word' id='word_1_90' title='bbox 1040 1293 1113 1328; x_wconf 84' lang='lat' dir='ltr'><strong>apud</strong></span> <span class='ocrx_word' id='word_1_91' title='bbox 1127 1292 1237 1321; x_wconf 82' lang='lat' dir='ltr'><strong>Rauen-</strong></span> 
     </span>
     <span class='ocr_line' id='line_1_14' title="bbox 234 1337 1237 1375; baseline 0 -9"><span class='ocrx_word' id='word_1_92' title='bbox 234 1346 298 1366; x_wconf 85' lang='lat' dir='ltr'><strong>nam</strong></span> <span class='ocrx_word' id='word_1_93' title='bbox 319 1338 463 1375; x_wconf 88' lang='lat' dir='ltr'><strong>episcopus</strong></span> <span class='ocrx_word' id='word_1_94' title='bbox 484 1347 560 1367; x_wconf 82' lang='lat' dir='ltr'><strong>meus</strong></span> <span class='ocrx_word' id='word_1_95' title='bbox 580 1338 693 1373; x_wconf 81' lang='lat' dir='ltr'><strong>fecerat,</strong></span> <span class='ocrx_word' id='word_1_96' title='bbox 713 1346 758 1367; x_wconf 91' lang='lat' dir='ltr'><strong>me</strong></span> <span class='ocrx_word' id='word_1_97' title='bbox 771 1338 796 1366; x_wconf 91' lang='lat' dir='ltr'><strong>ei</strong></span> <span class='ocrx_word' id='word_1_98' title='bbox 810 1337 1026 1366; x_wconf 81' lang='lat' dir='ltr'><strong>redhibitionem</strong></span> <span class='ocrx_word' id='word_1_99' title='bbox 1046 1338 1237 1374; x_wconf 80' lang='lat' dir='ltr'><strong>promittente,</strong></span> 
     </span>
     <span class='ocr_line' id='line_1_15' title="bbox 234 1376 1237 1421; baseline 0 -9"><span class='ocrx_word' id='word_1_100' title='bbox 234 1391 284 1420; x_wconf 88' lang='lat' dir='ltr'><strong>pro</strong></span> <span class='ocrx_word' id='word_1_101' title='bbox 304 1384 378 1412; x_wconf 86' lang='lat' dir='ltr'><strong>sedis</strong></span> <span class='ocrx_word' id='word_1_102' title='bbox 398 1384 564 1421; x_wconf 80' lang='lat' dir='ltr'><strong>apostolicae</strong></span> <span class='ocrx_word' id='word_1_103' title='bbox 583 1376 716 1419; x_wconf 82' lang='lat' dir='ltr'><strong>utilitate,</strong></span> <span class='ocrx_word' id='word_1_104' title='bbox 737 1383 879 1413; x_wconf 88' lang='lat' dir='ltr'><strong>uobiscum</strong></span> <span class='ocrx_word' id='word_1_105' title='bbox 901 1383 985 1413; x_wconf 86' lang='lat' dir='ltr'><strong>fuerit</strong></span> <span class='ocrx_word' id='word_1_106' title='bbox 1004 1385 1178 1413; x_wconf 85' lang='lat' dir='ltr'><strong>conlocutus:</strong></span> <span class='ocrx_word' id='word_1_107' title='bbox 1204 1385 1237 1413; x_wconf 90' lang='lat' dir='ltr'><strong>de</strong></span> 
     </span>
     <span class='ocr_line' id='line_1_16' title="bbox 236 1429 1273 1467; baseline 0.001 -10"><span class='ocrx_word' id='word_1_108' title='bbox 236 1437 290 1466; x_wconf 84' lang='lat' dir='ltr'><strong>qua</strong></span> <span class='ocrx_word' id='word_1_109' title='bbox 310 1429 480 1459; x_wconf 75' lang='lat' dir='ltr'><strong>restituenda</strong></span> <span class='ocrx_word' id='word_1_110' title='bbox 493 1430 609 1458; x_wconf 81' lang='lat' dir='ltr'><strong>celerem</strong></span> <span class='ocrx_word' id='word_1_111' title='bbox 624 1430 812 1467; x_wconf 84' lang='lat' dir='ltr'><strong>promiseratis</strong></span> <span class='ocrx_word' id='word_1_112' title='bbox 825 1430 964 1458; x_wconf 84' lang='lat' dir='ltr'><strong>effectum.</strong></span> <span class='ocrx_word' id='word_1_113' title='bbox 990 1430 1038 1458; x_wconf 87' lang='lat' dir='ltr'><strong>sed</strong></span> <span class='ocrx_word' id='word_1_114' title='bbox 1054 1438 1103 1466; x_wconf 87' lang='lat' dir='ltr'><strong>pro</strong></span> <span class='ocrx_word' id='word_1_115' title='bbox 1116 1429 1238 1467; x_wconf 84' lang='lat' dir='ltr'><strong>peccatis</strong></span> <span class='ocrx_word' id='word_1_116' title='bbox 1249 1440 1273 1458; x_wconf 76' lang='lat' dir='ltr'><strong>is</strong></span> 
     </span>
     <span class='ocr_line' id='line_1_17' title="bbox 235 1475 1238 1513; baseline 0 -10"><span class='ocrx_word' id='word_1_117' title='bbox 235 1477 305 1503; x_wconf 90' lang='lat' dir='ltr'><strong>meis</strong></span> <span class='ocrx_word' id='word_1_118' title='bbox 325 1475 416 1503; x_wconf 85' lang='lat' dir='ltr'><strong>nescio</strong></span> <span class='ocrx_word' id='word_1_119' title='bbox 437 1475 484 1512; x_wconf 87' lang='lat' dir='ltr'><strong>qui</strong></span> <span class='ocrx_word' id='word_1_120' title='bbox 505 1484 584 1504; x_wconf 78' lang='lat' dir='ltr'><strong>casus</strong></span> <span class='ocrx_word' id='word_1_121' title='bbox 605 1484 703 1505; x_wconf 85' lang='lat' dir='ltr'><strong>manus</strong></span> <span class='ocrx_word' id='word_1_122' title='bbox 723 1475 860 1513; x_wconf 87' lang='lat' dir='ltr'><strong>opposuit.</strong></span> <span class='ocrx_word' id='word_1_123' title='bbox 882 1477 915 1505; x_wconf 90' lang='lat' dir='ltr'><strong>de</strong></span> <span class='ocrx_word' id='word_1_124' title='bbox 929 1484 984 1513; x_wconf 89' lang='lat' dir='ltr'><strong>qua</strong></span> <span class='ocrx_word' id='word_1_125' title='bbox 997 1475 1032 1504; x_wconf 81' lang='lat' dir='ltr'><strong>ad</strong></span> <span class='ocrx_word' id='word_1_126' title='bbox 1045 1484 1089 1504; x_wconf 86' lang='lat' dir='ltr'><strong>me</strong></span> <span class='ocrx_word' id='word_1_127' title='bbox 1102 1475 1238 1512; x_wconf 78' lang='lat' dir='ltr'><strong>praedicti</strong></span> 
     </span>
     <span class='ocr_line' id='line_1_18' title="bbox 235 1520 1238 1558; baseline 0.001 -10"><span class='ocrx_word' id='word_1_128' title='bbox 235 1520 369 1549; x_wconf 87' lang='lat' dir='ltr'><strong>antistitis</strong></span> <span class='ocrx_word' id='word_1_129' title='bbox 390 1529 418 1550; x_wconf 88' lang='lat' dir='ltr'><strong>se</strong></span> <span class='ocrx_word' id='word_1_130' title='bbox 433 1522 571 1550; x_wconf 86' lang='lat' dir='ltr'><strong>conuertit</strong></span> <span class='ocrx_word' id='word_1_131' title='bbox 584 1522 708 1558; x_wconf 83' lang='lat' dir='ltr'><strong>intentio,</strong></span> <span class='ocrx_word' id='word_1_132' title='bbox 731 1523 763 1551; x_wconf 90' lang='lat' dir='ltr'><strong>ut</strong></span> <span class='ocrx_word' id='word_1_133' title='bbox 776 1522 822 1550; x_wconf 82' lang='lat' dir='ltr'><strong>uix</strong></span> <span class='ocrx_word' id='word_1_134' title='bbox 835 1521 956 1551; x_wconf 78' lang='lat' dir='ltr'><strong>indutias</strong></span> <span class='ocrx_word' id='word_1_135' title='bbox 970 1521 1005 1550; x_wconf 86' lang='lat' dir='ltr'><strong>ad</strong></span> <span class='ocrx_word' id='word_1_136' title='bbox 1019 1521 1238 1550; x_wconf 75' lang='lat' dir='ltr'><strong>sacratissimam</strong></span> 
     </span>
     <span class='ocr_line' id='line_1_19' title="bbox 235 1566 1237 1605; baseline 0 -10"><span class='ocrx_word' id='word_1_137' title='bbox 235 1567 331 1595; x_wconf 86' lang='lat' dir='ltr'><strong>urbem</strong></span> <span class='ocrx_word' id='word_1_138' title='bbox 352 1566 484 1596; x_wconf 85' lang='lat' dir='ltr'><strong>tribuerit</strong></span> <span class='ocrx_word' id='word_1_139' title='bbox 497 1567 663 1597; x_wconf 86' lang='lat' dir='ltr'><strong>destinandi.</strong></span> <span class='ocrx_word' id='word_1_140' title='bbox 685 1576 758 1597; x_wconf 88' lang='lat' dir='ltr'><strong>nunc</strong></span> <span class='ocrx_word' id='word_1_141' title='bbox 776 1568 839 1605; x_wconf 87' lang='lat' dir='ltr'><strong>post</strong></span> <span class='ocrx_word' id='word_1_142' title='bbox 852 1569 934 1597; x_wconf 90' lang='lat' dir='ltr'><strong>deum</strong></span> <span class='ocrx_word' id='word_1_143' title='bbox 948 1568 977 1596; x_wconf 89' lang='lat' dir='ltr'><strong>in</strong></span> <span class='ocrx_word' id='word_1_144' title='bbox 991 1567 1069 1596; x_wconf 91' lang='lat' dir='ltr'><strong>uobis</strong></span> <span class='ocrx_word' id='word_1_145' title='bbox 1084 1575 1167 1596; x_wconf 85' lang='lat' dir='ltr'><strong>causa</strong></span> <span class='ocrx_word' id='word_1_146' title='bbox 1185 1567 1237 1601; x_wconf 83' lang='lat' dir='ltr'><strong>est,</strong></span> 
     </span>
     <span class='ocr_line' id='line_1_20' title="bbox 236 1608 1238 1650; baseline 0 -9"><span class='ocrx_word' id='word_1_147' title='bbox 236 1612 283 1649; x_wconf 88' lang='lat' dir='ltr'><strong>qui</strong></span> <span class='ocrx_word' id='word_1_148' title='bbox 302 1608 418 1649; x_wconf 85' lang='lat' dir='ltr'><strong>potestis</strong></span> <span class='ocrx_word' id='word_1_149' title='bbox 439 1614 466 1642; x_wconf 85' lang='lat' dir='ltr'><strong>et</strong></span> <span class='ocrx_word' id='word_1_150' title='bbox 486 1621 634 1650; x_wconf 75' lang='lat' dir='ltr'><strong>personam</strong></span> <span class='ocrx_word' id='word_1_151' title='bbox 655 1623 745 1642; x_wconf 83' lang='lat' dir='ltr'><strong>meam</strong></span> <span class='ocrx_word' id='word_1_152' title='bbox 773 1613 921 1643; x_wconf 84' lang='lat' dir='ltr'><strong>offensione</strong></span> <span class='ocrx_word' id='word_1_153' title='bbox 945 1614 1083 1650; x_wconf 84' lang='lat' dir='ltr'><strong>pontificis</strong></span> <span class='ocrx_word' id='word_1_154' title='bbox 1104 1615 1132 1642; x_wconf 85' lang='lat' dir='ltr'><strong>et</strong></span> <span class='ocrx_word' id='word_1_155' title='bbox 1153 1614 1238 1642; x_wconf 86' lang='lat' dir='ltr'><strong>detri—</strong></span> 
     </span>
     <span class='ocr_line' id='line_1_21' title="bbox 234 1659 1272 1696; baseline 0 -10"><span class='ocrx_word' id='word_1_156' title='bbox 234 1659 337 1687; x_wconf 82' lang='lat' dir='ltr'><strong>mentis</strong></span> <span class='ocrx_word' id='word_1_157' title='bbox 358 1659 475 1695; x_wconf 81' lang='lat' dir='ltr'><strong>eripere,</strong></span> <span class='ocrx_word' id='word_1_158' title='bbox 505 1667 538 1688; x_wconf 91' lang='lat' dir='ltr'><strong>ne</strong></span> <span class='ocrx_word' id='word_1_159' title='bbox 559 1659 683 1688; x_wconf 84' lang='lat' dir='ltr'><strong>officium</strong></span> <span class='ocrx_word' id='word_1_160' title='bbox 708 1659 772 1688; x_wconf 83' lang='lat' dir='ltr'><strong>fidei</strong></span> <span class='ocrx_word' id='word_1_161' title='bbox 793 1659 861 1688; x_wconf 88' lang='lat' dir='ltr'><strong>mihi</strong></span> <span class='ocrx_word' id='word_1_162' title='bbox 882 1660 929 1688; x_wconf 86' lang='lat' dir='ltr'><strong>uni</strong></span> <span class='ocrx_word' id='word_1_163' title='bbox 949 1659 1087 1696; x_wconf 82' lang='lat' dir='ltr'><strong>peperisse</strong></span> <span class='ocrx_word' id='word_1_164' title='bbox 1110 1659 1272 1688; x_wconf 73' lang='lat' dir='ltr'><strong>uideaturw</strong></span> 
     </span>
     <span class='ocr_line' id='line_1_22' title="bbox 234 1704 1238 1742; baseline -0.001 -8"><span class='ocrx_word' id='word_1_165' title='bbox 234 1704 358 1734; x_wconf 85' lang='lat' dir='ltr'><strong>aduersa.</strong></span> <span class='ocrx_word' id='word_1_166' title='bbox 398 1704 507 1733; x_wconf 88' lang='lat' dir='ltr'><strong>domine</strong></span> <span class='ocrx_word' id='word_1_167' title='bbox 534 1705 586 1739; x_wconf 74' lang='lat' dir='ltr'><strong>mi,</strong></span> <span class='ocrx_word' id='word_1_168' title='bbox 620 1705 796 1734; x_wconf 80' lang='lat' dir='ltr'><strong>salutationis</strong></span> <span class='ocrx_word' id='word_1_169' title='bbox 823 1714 937 1734; x_wconf 80' lang='lat' dir='ltr'><strong>munera</strong></span> <span class='ocrx_word' id='word_1_170' title='bbox 964 1706 1123 1742; x_wconf 88' lang='lat' dir='ltr'><strong>persoluens</strong></span> <span class='ocrx_word' id='word_1_171' title='bbox 1154 1705 1238 1734; x_wconf 86' lang='lat' dir='ltr'><strong>deum</strong></span> 
     </span>
     <span class='ocr_line' id='line_1_23' title="bbox 235 1750 1237 1787; baseline 0 -8"><span class='ocrx_word' id='word_1_172' title='bbox 235 1758 337 1787; x_wconf 84' lang='lat' dir='ltr'><strong>precor,</strong></span> <span class='ocrx_word' id='word_1_173' title='bbox 359 1751 390 1779; x_wconf 91' lang='lat' dir='ltr'><strong>ut</strong></span> <span class='ocrx_word' id='word_1_174' title='bbox 411 1750 536 1779; x_wconf 81' lang='lat' dir='ltr'><strong>animum</strong></span> <span class='ocrx_word' id='word_1_175' title='bbox 549 1752 675 1780; x_wconf 88' lang='lat' dir='ltr'><strong>uestrum</strong></span> <span class='ocrx_word' id='word_1_176' title='bbox 695 1752 729 1780; x_wconf 82' lang='lat' dir='ltr'><strong>ad</strong></span> <span class='ocrx_word' id='word_1_177' title='bbox 747 1751 881 1780; x_wconf 86' lang='lat' dir='ltr'><strong>utilitatis</strong></span> <span class='ocrx_word' id='word_1_178' title='bbox 896 1760 972 1780; x_wconf 85' lang='lat' dir='ltr'><strong>meae</strong></span> <span class='ocrx_word' id='word_1_179' title='bbox 987 1751 1237 1780; x_wconf 84' lang='lat' dir='ltr'><strong>considerationem</strong></span> 
     </span>
     <span class='ocr_line' id='line_1_24' title="bbox 235 1797 1238 1834; baseline 0.002 -10"><span class='ocrx_word' id='word_1_180' title='bbox 235 1797 430 1825; x_wconf 81' lang='lat' dir='ltr'><strong>incunctanter</strong></span> <span class='ocrx_word' id='word_1_181' title='bbox 450 1797 560 1826; x_wconf 85' lang='lat' dir='ltr'><strong>inuitet.</strong></span> <span class='ocrx_word' id='word_1_182' title='bbox 595 1805 645 1834; x_wconf 86' lang='lat' dir='ltr'><strong>ego</strong></span> <span class='ocrx_word' id='word_1_183' title='bbox 667 1797 733 1833; x_wconf 88' lang='lat' dir='ltr'><strong>quid</strong></span> <span class='ocrx_word' id='word_1_184' title='bbox 754 1797 875 1834; x_wconf 80' lang='lat' dir='ltr'><strong>amplius</strong></span> <span class='ocrx_word' id='word_1_185' title='bbox 901 1797 1017 1826; x_wconf 85' lang='lat' dir='ltr'><strong>facerem</strong></span> <span class='ocrx_word' id='word_1_186' title='bbox 1038 1797 1164 1826; x_wconf 88' lang='lat' dir='ltr'><strong>inuenire</strong></span> <span class='ocrx_word' id='word_1_187' title='bbox 1183 1805 1238 1826; x_wconf 88' lang='lat' dir='ltr'><strong>non</strong></span> 
     </span>
     <span class='ocr_line' id='line_1_25' title="bbox 235 1841 1238 1880; baseline 0.003 -11"><span class='ocrx_word' id='word_1_188' title='bbox 235 1841 321 1878; x_wconf 88' lang='lat' dir='ltr'><strong>potui,</strong></span> <span class='ocrx_word' id='word_1_189' title='bbox 343 1842 397 1871; x_wconf 89' lang='lat' dir='ltr'><strong>nisi</strong></span> <span class='ocrx_word' id='word_1_190' title='bbox 419 1843 450 1871; x_wconf 89' lang='lat' dir='ltr'><strong>ut</strong></span> <span class='ocrx_word' id='word_1_191' title='bbox 471 1850 534 1871; x_wconf 84' lang='lat' dir='ltr'><strong>cum</strong></span> <span class='ocrx_word' id='word_1_192' title='bbox 554 1842 721 1880; x_wconf 84' lang='lat' dir='ltr'><strong>allegatione</strong></span> <span class='ocrx_word' id='word_1_193' title='bbox 741 1843 891 1872; x_wconf 82' lang='lat' dir='ltr'><strong>manifesta</strong></span> <span class='ocrx_word' id='word_1_194' title='bbox 904 1843 990 1872; x_wconf 86' lang='lat' dir='ltr'><strong>fidum</strong></span> <span class='ocrx_word' id='word_1_195' title='bbox 1004 1842 1074 1871; x_wconf 84' lang='lat' dir='ltr'><strong>mihi</strong></span> <span class='ocrx_word' id='word_1_196' title='bbox 1088 1842 1238 1880; x_wconf 84' lang='lat' dir='ltr'><strong>dirigerem</strong></span> 
     </span>
    </p>
   </div>
   <div class='ocr_carea' id='block_1_4' title="bbox 234 1888 1271 2217">
    <p class='ocr_par' dir='ltr' id='par_1_4' title="bbox 234 1888 1271 2217">
     <span class='ocr_line' id='line_1_26' title="bbox 235 1888 1271 1924; baseline 0 -8"><span class='ocrx_word' id='word_1_197' title='bbox 235 1888 408 1924; x_wconf 81' lang='lat' dir='ltr'><strong>perlatorem.</strong></span> <span class='ocrx_word' id='word_1_198' title='bbox 1246 1896 1271 1916; x_wconf 77' lang='lat'><strong>2⁵</strong></span> 
     </span>
     <span class='ocr_line' id='line_1_27' title="bbox 280 2016 1239 2048; baseline 0.001 -8"><span class='ocrx_word' id='word_1_199' title='bbox 280 2016 343 2040; x_wconf 86' lang='lat' dir='ltr'>XVI.</span> <span class='ocrx_word' id='word_1_200' title='bbox 371 2017 385 2040; x_wconf 88' lang='grc'><strong>3</strong></span> <span class='ocrx_word' id='word_1_201' title='bbox 402 2023 447 2047; x_wconf 76' lang='lat' dir='ltr'><strong>que</strong></span> <span class='ocrx_word' id='word_1_202' title='bbox 465 2017 488 2040; x_wconf 94' lang='grc' dir='ltr'>Β</span> <span class='ocrx_word' id='word_1_203' title='bbox 503 2024 521 2040; x_wconf 83' lang='lat' dir='ltr'><strong>s.</strong></span> <span class='ocrx_word' id='word_1_204' title='bbox 538 2017 554 2041; x_wconf 82' lang='lat'><strong>1.</strong></span> <span class='ocrx_word' id='word_1_205' title='bbox 646 2018 661 2041; x_wconf 87' lang='lat'>5</span> <span class='ocrx_word' id='word_1_206' title='bbox 677 2017 771 2048; x_wconf 79' lang='lat' dir='ltr'><strong>‚quia]!</strong></span> <span class='ocrx_word' id='word_1_207' title='bbox 788 2024 859 2048; x_wconf 84' lang='lat' dir='ltr'><strong>quarn</strong></span> <span class='ocrx_word' id='word_1_208' title='bbox 876 2018 933 2047; x_wconf 75' lang='lat' dir='ltr'><strong>fort.</strong></span> <span class='ocrx_word' id='word_1_209' title='bbox 1026 2017 1042 2041; x_wconf 84' lang='lat'>8</span> <span class='ocrx_word' id='word_1_210' title='bbox 1058 2017 1147 2041; x_wconf 88' lang='lat' dir='ltr'><strong>lumine</strong></span> <span class='ocrx_word' id='word_1_211' title='bbox 1170 2016 1200 2040; x_wconf 79' lang='lat' dir='ltr'><strong>V¹</strong></span> <span class='ocrx_word' id='word_1_212' title='bbox 1216 2020 1239 2042; x_wconf 73' lang='lat' dir='ltr'><strong>ee</strong></span> 
     </span>
     <span class='ocr_line' id='line_1_28' title="bbox 235 2054 1239 2087; baseline 0.002 -9"><span class='ocrx_word' id='word_1_213' title='bbox 235 2054 309 2079; x_wconf 77' lang='lat' dir='ltr'><strong>Sirm.</strong></span> <span class='ocrx_word' id='word_1_214' title='bbox 386 2055 400 2079; x_wconf 87' lang='grc'><strong>9</strong></span> <span class='ocrx_word' id='word_1_215' title='bbox 412 2055 555 2085; x_wconf 64' lang='lat' dir='ltr'><strong>profecbum</strong></span> <span class='ocrx_word' id='word_1_216' title='bbox 568 2055 591 2079; x_wconf 78' lang='lat' dir='ltr'><strong><em>L</em></strong></span> <span class='ocrx_word' id='word_1_217' title='bbox 665 2056 727 2080; x_wconf 85' lang='lat' dir='ltr'><strong>uices</strong></span> <span class='ocrx_word' id='word_1_218' title='bbox 738 2057 795 2085; x_wconf 78' lang='lat' dir='ltr'><strong>fort.</strong></span> <span class='ocrx_word' id='word_1_219' title='bbox 874 2056 902 2080; x_wconf 87' lang='lat'><strong>12</strong></span> <span class='ocrx_word' id='word_1_220' title='bbox 913 2056 1027 2080; x_wconf 80' lang='lat' dir='ltr'><strong>meminet</strong></span> <span class='ocrx_word' id='word_1_221' title='bbox 1037 2056 1061 2080; x_wconf 90' lang='lat' dir='ltr'><em>B</em></span> <span class='ocrx_word' id='word_1_222' title='bbox 1132 2056 1239 2087; x_wconf 79' lang='lat' dir='ltr'><strong>expensis</strong></span> 
     </span>
     <span class='ocr_line' id='line_1_29' title="bbox 235 2095 1240 2132; baseline 0.002 -8"><span class='ocrx_word' id='word_1_223' title='bbox 235 2095 289 2130; x_wconf 71' lang='lat' dir='ltr'><strong>qua¹</strong></span> <span class='ocrx_word' id='word_1_224' title='bbox 314 2101 337 2125; x_wconf 80' lang='lat' dir='ltr'><strong><em>T</em></strong></span> <span class='ocrx_word' id='word_1_225' title='bbox 426 2101 545 2132; x_wconf 83' lang='lat' dir='ltr'><strong>episcopos</strong></span> <span class='ocrx_word' id='word_1_226' title='bbox 570 2102 594 2125; x_wconf 92' lang='grc' dir='ltr'><strong>Β</strong></span> <span class='ocrx_word' id='word_1_227' title='bbox 692 2103 721 2126; x_wconf 87' lang='grc'><strong>13</strong></span> <span class='ocrx_word' id='word_1_228' title='bbox 746 2102 912 2127; x_wconf 76' lang='lat' dir='ltr'><strong>redibitionem</strong></span> <span class='ocrx_word' id='word_1_229' title='bbox 936 2098 1026 2131; x_wconf 62' lang='lat' dir='ltr'><strong>ETW,</strong></span> <span class='ocrx_word' id='word_1_230' title='bbox 1055 2102 1240 2126; x_wconf 82' lang='lat' dir='ltr'><strong>retributionem</strong></span> 
     </span>
     <span class='ocr_line' id='line_1_30' title="bbox 236 2139 1241 2178; baseline 0.002 -16"><span class='ocrx_word' id='word_1_231' title='bbox 236 2139 259 2162; x_wconf 82' lang='lat' dir='ltr'><strong><em>L</em></strong></span> <span class='ocrx_word' id='word_1_232' title='bbox 352 2140 380 2163; x_wconf 82' lang='lat'><strong>14</strong></span> <span class='ocrx_word' id='word_1_233' title='bbox 396 2140 525 2170; x_wconf 82' lang='lat' dir='ltr'><strong>apostolice</strong></span> <span class='ocrx_word' id='word_1_234' title='bbox 541 2140 564 2164; x_wconf 89' lang='grc' dir='ltr'><strong><em>Β</em></strong></span> <span class='ocrx_word' id='word_1_235' title='bbox 655 2141 796 2178; x_wconf 69' lang='lat' dir='ltr'><strong>coillocutus</strong></span> <span class='ocrx_word' id='word_1_236' title='bbox 816 2141 838 2165; x_wconf 88' lang='grc' dir='ltr'><em>Τ</em></span> <span class='ocrx_word' id='word_1_237' title='bbox 929 2141 958 2164; x_wconf 84' lang='grc'><strong>15</strong></span> <span class='ocrx_word' id='word_1_238' title='bbox 977 2141 1079 2171; x_wconf 81' lang='lat' dir='ltr'><strong>peccatis</strong></span> <span class='ocrx_word' id='word_1_239' title='bbox 1096 2141 1155 2164; x_wconf 88' lang='lat' dir='ltr'><strong>meis</strong></span> <span class='ocrx_word' id='word_1_240' title='bbox 1175 2141 1197 2164; x_wconf 83' lang='lat' dir='ltr'><em>V</em></span> <span class='ocrx_word' id='word_1_241' title='bbox 1210 2141 1241 2165; x_wconf 76' lang='lat' dir='ltr'><strong>in</strong></span> 
     </span>
     <span class='ocr_line' id='line_1_31' title="bbox 234 2181 1240 2217; baseline 0.001 -8"><span class='ocrx_word' id='word_1_242' title='bbox 234 2181 284 2210; x_wconf 62' lang='lat' dir='ltr'><strong>rite.</strong></span> <span class='ocrx_word' id='word_1_243' title='bbox 378 2186 407 2210; x_wconf 85' lang='grc'><strong>16</strong></span> <span class='ocrx_word' id='word_1_244' title='bbox 428 2187 538 2217; x_wconf 82' lang='lat' dir='ltr'><strong>opposuit</strong></span> <span class='ocrx_word' id='word_1_245' title='bbox 555 2193 639 2210; x_wconf 81' lang='lat' dir='ltr'><strong>manus</strong></span> <span class='ocrx_word' id='word_1_246' title='bbox 660 2186 735 2211; x_wconf 79' lang='lat' dir='ltr'><strong>LTV</strong></span> <span class='ocrx_word' id='word_1_247' title='bbox 826 2187 854 2211; x_wconf 83' lang='lat'><strong>17</strong></span> <span class='ocrx_word' id='word_1_248' title='bbox 876 2187 998 2211; x_wconf 78' lang='lat' dir='ltr'><strong>antestitis</strong></span> <span class='ocrx_word' id='word_1_249' title='bbox 1017 2187 1039 2211; x_wconf 89' lang='lat' dir='ltr'><em>B</em></span> <span class='ocrx_word' id='word_1_250' title='bbox 1131 2187 1240 2211; x_wconf 80' lang='lat' dir='ltr'><strong>inducias</strong></span> 
     </span>
    </p>
   </div>
   <div class='ocr_carea' id='block_1_5' title="bbox 234 2224 1240 2362">
    <p class='ocr_par' dir='ltr' id='par_1_5' title="bbox 234 2224 1240 2362">
     <span class='ocr_line' id='line_1_32' title="bbox 235 2224 1240 2254; baseline 0.003 -7"><span class='ocrx_word' id='word_1_251' title='bbox 235 2225 257 2252; x_wconf 85' lang='lat' dir='ltr'><strong>(c</strong></span> <span class='ocrx_word' id='word_1_252' title='bbox 274 2230 303 2247; x_wconf 61' lang='lat' dir='ltr'><strong>ea:</strong></span> <span class='ocrx_word' id='word_1_253' title='bbox 320 2224 330 2247; x_wconf 87' lang='lat' dir='ltr'><strong>t</strong></span> <span class='ocrx_word' id='word_1_254' title='bbox 346 2226 417 2254; x_wconf 81' lang='lat' dir='ltr'><strong>corr.)</strong></span> <span class='ocrx_word' id='word_1_255' title='bbox 435 2225 458 2248; x_wconf 91' lang='lat' dir='ltr'>B</span> <span class='ocrx_word' id='word_1_256' title='bbox 544 2225 572 2249; x_wconf 82' lang='lat'><strong>18</strong></span> <span class='ocrx_word' id='word_1_257' title='bbox 588 2225 702 2249; x_wconf 85' lang='lat' dir='ltr'><strong>tribueret</strong></span> <span class='ocrx_word' id='word_1_258' title='bbox 718 2226 742 2250; x_wconf 83' lang='lat' dir='ltr'><strong><em>L</em></strong></span> <span class='ocrx_word' id='word_1_259' title='bbox 827 2225 981 2249; x_wconf 73' lang='lat' dir='ltr'><strong>destinandus</strong></span> <span class='ocrx_word' id='word_1_260' title='bbox 998 2225 1041 2249; x_wconf 87' lang='lat' dir='ltr'><strong>Bb</strong></span> <span class='ocrx_word' id='word_1_261' title='bbox 1127 2226 1155 2249; x_wconf 90' lang='grc'><strong>19</strong></span> <span class='ocrx_word' id='word_1_262' title='bbox 1166 2225 1240 2250; x_wconf 83' lang='lat' dir='ltr'><strong>offen-</strong></span> 
     </span>
     <span class='ocr_line' id='line_1_33' title="bbox 234 2260 1180 2294; baseline 0.003 -10"><span class='ocrx_word' id='word_1_263' title='bbox 234 2260 296 2284; x_wconf 87' lang='lat' dir='ltr'><strong>sioni</strong></span> <span class='ocrx_word' id='word_1_264' title='bbox 307 2261 331 2285; x_wconf 82' lang='lat' dir='ltr'><strong><em>L</em></strong></span> <span class='ocrx_word' id='word_1_265' title='bbox 404 2263 531 2294; x_wconf 74' lang='lat' dir='ltr'><strong>pontificia]</strong></span> <span class='ocrx_word' id='word_1_266' title='bbox 542 2264 587 2286; x_wconf 89' lang='lat' dir='ltr'><strong>mei</strong></span> <span class='ocrx_word' id='word_1_267' title='bbox 599 2263 656 2287; x_wconf 79' lang='lat' dir='ltr'><strong>add.</strong></span> <span class='ocrx_word' id='word_1_268' title='bbox 668 2263 745 2288; x_wconf 82' lang='lat' dir='ltr'><strong>LTV</strong></span> <span class='ocrx_word' id='word_1_269' title='bbox 817 2264 848 2288; x_wconf 83' lang='lat'><strong>20</strong></span> <span class='ocrx_word' id='word_1_270' title='bbox 859 2264 968 2287; x_wconf 79' lang='lat' dir='ltr'><strong>uideatur</strong></span> <span class='ocrx_word' id='word_1_271' title='bbox 978 2263 1095 2294; x_wconf 72' lang='lat' dir='ltr'><strong>peperisse</strong></span> <span class='ocrx_word' id='word_1_272' title='bbox 1107 2263 1180 2287; x_wconf 81' lang='lat' dir='ltr'><strong>LTV</strong></span> 
     </span>
     <span class='ocr_line' id='line_1_34' title="bbox 234 2300 1178 2362; baseline 0.002 -39"><span class='ocrx_word' id='word_1_273' title='bbox 234 2300 265 2362; x_wconf 50' lang='grc' dir='ltr'><strong>ἐζ</strong></span> <span class='ocrx_word' id='word_1_274' title='bbox 276 2300 424 2362; x_wconf 55' lang='grc' dir='ltr'><strong>ιέἐξιίῃΒέὸῨ</strong></span> <span class='ocrx_word' id='word_1_275' title='bbox 506 2301 628 2325; x_wconf 86' lang='lat' dir='ltr'><strong>dominum</strong></span> <span class='ocrx_word' id='word_1_276' title='bbox 640 2301 653 2325; x_wconf 82' lang='lat' dir='ltr'><strong><em>b</em></strong></span> <span class='ocrx_word' id='word_1_277' title='bbox 664 2301 773 2351; x_wconf 43' lang='lat' dir='ltr'><strong>affirm.</strong></span> <span class='ocrx_word' id='word_1_278' title='bbox 858 2302 888 2326; x_wconf 83' lang='lat'><strong>23</strong></span> <span class='ocrx_word' id='word_1_279' title='bbox 903 2301 974 2332; x_wconf 75' lang='lat' dir='ltr'><strong>quide</strong></span> <span class='ocrx_word' id='word_1_280' title='bbox 990 2302 1025 2325; x_wconf 77' lang='lat'><strong>13¹</strong></span> <span class='ocrx_word' id='word_1_281' title='bbox 1038 2304 1065 2325; x_wconf 77' lang='lat' dir='ltr'><strong>ut</strong></span> <span class='ocrx_word' id='word_1_282' title='bbox 1076 2301 1178 2326; x_wconf 76' lang='lat' dir='ltr'><strong>uidetur</strong></span> 
     </span>
    </p>
   </div>
  </div>
 </body>
</html>
