1532 3123
579 590 684 615 Dictio
703 589 745 615 VI.
1110 590 1165 620 441

162 676 270 707 dicente
301 676 439 712 apostolo:
473 684 537 705 use
567 676 655 705 enim
680 675 769 705 mihi
795 676 862 710 est,
893 675 962 704 nisi
987 674 1168 712 euangeli-

160 730 300 756 zsuero‚
331 723 358 751 et
384 722 467 751 alibi:
493 724 635 759 tempus
660 721 811 754 tacendi.
842 729 891 751 nos
912 721 1074 758 praecipue,
1100 730 1168 759 quos

161 768 278 805 praelati
311 767 411 796 ceteris
442 767 570 797 hortatur
599 767 707 805 pondus
737 767 877 804 obsequii,
908 768 986 796 decet
1015 768 1064 797 aut
1095 767 1168 798 bons.

161 813 294 843 facientes
315 814 423 843 eleuare
443 814 493 843 aut
514 814 589 843 mals
609 814 789 850 conprimere.
820 813 849 842 et
870 812 982 849 quidem
1001 820 1051 841 uos
1069 812 1167 843 docere

143 868 214 890 anon
235 860 313 889 aliud
327 861 370 889 est
386 868 471 896 quam
486 859 616 892 stimulos
631 859 788 889 admouisse
803 858 994 888 currentibus:
1013 867 1078 888 nam
1094 859 1167 896 quod

161 915 190 936 ex
210 906 351 942 proposito
371 906 472 940 facitis,
493 905 606 941 superbi
627 913 732 940 sumne,
758 906 783 935 si
803 905 906 934 nostris
927 905 1086 934 debendum
1106 912 1166 933 cre.-

160 952 250 981 dimus
270 952 419 980 institutis.
446 952 494 980 sed
514 951 561 988 qui
583 952 655 981 bona
678 951 772 980 studia
796 952 895 988 probet
922 950 1084 987 amplificat.
1111 952 1167 980 stat

160 998 230 1033 apud
245 998 428 1030 conscientias
442 998 562 1033 uestras,
573 998 679 1034 quante
688 996 836 1026 Nestorius
850 999 879 1025 et
893 996 1039 1034 Eutyches,
1054 996 1168 1033 gemina

160 1042 310 1072 diabolicae
332 1043 538 1072 informationis
553 1043 671 1078 ostenta,
692 1043 741 1072 diu
755 1042 860 1071 castam
879 1042 1057 1071 ecclesiarum
1078 1042 1167 1072 orien-

135 1088 260 1118 ntslium
280 1088 459 1125 disciplinam
476 1088 606 1125 perfidiae
626 1088 806 1118 fornicatione
826 1087 1009 1125 corruperint,
1029 1088 1076 1124 qui
1090 1087 1168 1118 iuxta

159 1135 326 1164 sententiam
355 1134 474 1171 apostoli
513 1133 746 1163 dilectionem
781 1134 951 1163 ueritatis
977 1141 1045 1163 non
1070 1142 1166 1164 rece-

160 1182 297 1217 perunt,
327 1181 365 1209 ut
391 1180 488 1209 salui
514 1180 659 1218 fierent,
690 1183 724 1209 et
749 1180 826 1209 ideo
851 1180 951 1209 misit
975 1180 1057 1209 illis
1082 1180 1166 1209 dens

160 1226 400 1263 operationem
426 1226 571 1260 erroris,
602 1227 640 1256 ut
665 1226 849 1256 crederent
874 1226 1069 1261 mendacio,
1099 1226 1165 1255 dum

160 1280 204 1309 per
225 1272 425 1309 subripientem
448 1272 571 1301 scandali
591 1273 764 1301 occasionem
778 1271 883 1302 Christi
906 1272 1013 1301 milites
1032 1272 1081 1301 ille
1101 1280 1166 1301 con-

137 1318 313 1347 stentionum
341 1326 456 1355 campus
487 1318 642 1355 examinat,
672 1318 746 1347 sicut
776 1317 914 1354 scriptum
939 1318 997 1347 est:
1027 1319 1166 1355 oportet

160 1371 232 1393 esse
258 1364 471 1397 certamina,
504 1364 541 1392 ut
568 1363 713 1400 probati
737 1363 923 1392 manifesti
953 1363 1052 1392 fiant.
1093 1364 1166 1401 apud

161 1418 239 1447 quem
259 1409 491 1439 Chalcedonensis
513 1417 567 1438 non
587 1409 661 1438 uiuit
681 1410 909 1438 commemoratio
922 1410 1080 1444 ueneranda
1100 1418 1165 1439 con-

162 1454 224 1489 cilii,
245 1455 275 1483 in
295 1463 349 1492 quo
364 1455 514 1484 Dioscorus
535 1463 601 1484 cum
614 1454 800 1484 sectatoribus
814 1455 871 1484 suis
891 1454 957 1484 stilo
977 1454 1038 1492 piae
1053 1454 1165 1484 distric-

162 1501 238 1530 tionis
266 1500 395 1535 addictus
426 1502 468 1530 est
493 1502 522 1530 et
547 1501 660 1529 sanctae
690 1501 840 1531 memoriae
866 1500 995 1529 Flauiani
1026 1501 1167 1532 adoranda

139 1550 338 1576 »monumenta
358 1547 484 1582 exultans
505 1545 815 1583 Constantinopolitano.
835 1546 936 1576 ciuitas
950 1547 1063 1584 recepit,
1086 1548 1165 1576 cuius

161 1594 212 1621 ism
237 1593 348 1630 pridem
377 1593 558 1622 firmauerunt
587 1592 719 1624 caelestia
748 1594 861 1622 decreta
888 1593 1078 1622 sententiam?
1118 1593 1166 1623 uhi

160 1639 283 1676 gentium
304 1638 467 1669 Timotheus
487 1639 642 1676 ignoratur,
662 1639 712 1676 qui
730 1642 843 1677 propter
862 1639 1056 1676 suspiciendae
1077 1648 1166 1669 recor-

161 1685 277 1718 dstionis
290 1684 401 1714 Proteri
416 1685 528 1718 caedem
548 1684 608 1714 fieri
629 1684 692 1722 plus
713 1693 798 1722 quam
811 1685 950 1722 parricida
963 1693 1017 1714 non
1038 1685 1165 1714 horruit?

160 1739 221 1760 nem
240 1731 315 1760 sacri
335 1730 526 1772 persecutione
546 1730 687 1767 pontificis
707 1733 736 1759 et
753 1739 855 1768 genera
876 1731 1026 1762 criminum
1046 1731 1117 1760 uicit
1136 1732 1165 1759 ot

136 1777 277 1810 innomine.
304 1777 391 1806 scitur
412 1777 512 1806 Petrus
533 1779 562 1806 et
575 1776 663 1813 Cyrus
681 1778 710 1806 et
723 1777 896 1811 Timotheus,
918 1777 966 1814 qui
980 1776 1047 1808 dum
1063 1776 1165 1806 iacenti

159 1830 270 1852 manum
291 1823 422 1852 Dioscoro
442 1823 598 1860 porrigunt,
620 1824 803 1852 conruerunt:
824 1822 853 1852 hi
874 1824 907 1852 de
920 1831 1094 1860 praecessore
1114 1830 1164 1851 suo

245 1907 260 1930 1
285 1905 297 1929 1
314 1905 367 1929 Cor.
383 1906 405 1935 9,
423 1906 452 1929 16
543 1906 559 1929 2
584 1905 670 1930 Eccles.
691 1905 713 1934 3,
731 1905 745 1929 7
839 1906 865 1930 11
892 1905 918 1930 11
934 1905 1017 1930 Thess.
1035 1906 1057 1934 2,
1075 1906 1105 1929 10

158 1945 186 1969 15
209 1945 220 1968 1
236 1945 290 1969 Cor.
308 1946 345 1973 11,
363 1945 392 1968 19

200 2021 214 2045 1
230 2021 296 2045 enim
312 2021 421 2052 apostolo
430 2028 481 2048 mse
497 2021 537 2051 (ue
555 2021 586 2050 T)
603 2021 693 2045 LTVb
788 2021 835 2045 nisi
852 2020 887 2050 Β,
911 2021 933 2045 si
949 2028 996 2045 non
1012 2021 1102 2045 LTVb

155 2067 171 2091 2
184 2066 323 2107 praecipuae
339 2066 371 2096 B,
396 2067 506 2097 precipue
526 2067 550 2091 V
639 2067 654 2091 5
675 2061 803 2092 ndnBuisse
824 2066 849 2091 Β
940 2067 1097 2098 currentibus]
1116 2066 1164 2091 cal·

156 2105 248 2139 curibus
265 2105 307 2129 Pb
399 2105 415 2129 6
431 2105 550 2136 preposito
567 2104 655 2129 facetos
671 2105 696 2129 B
786 2105 802 2129 8
817 2106 929 2129 nestorus
945 2105 969 2130 L
1057 2104 1164 2129 euthices

154 2141 254 2172 LPTV,
270 2142 373 2167 euthicis
385 2143 409 2167 B
495 2143 524 2167 13
535 2143 655 2167 mendatio
665 2143 690 2167 B
774 2144 804 2168 14
815 2144 981 2174 subrepentem
992 2145 1103 2174 expectes

154 2177 223 2205 cristi
238 2180 263 2205 Β
373 2181 401 2205 17
418 2181 587 2205 calcidonensis
602 2182 659 2206 labri
767 2182 834 2206 uiuet
851 2182 875 2206 Β
967 2182 1008 2206 ’18
1024 2182 1062 2212 pie
1078 2181 1102 2205 L

154 2219 184 2243 22
204 2219 318 2244 timoteus
339 2219 365 2244 B
456 2219 619 2250 suscipiendse
640 2219 741 2249 LTVb,
765 2219 915 2251 suscipiende
934 2220 994 2249 BP;
1019 2226 1062 2244 em.
1083 2220 1164 2244 nescio

153 2259 207 2289 quis
298 2258 330 2282 23
345 2258 449 2282 Proterii
466 2257 539 2282 Sim.
632 2258 710 2282 cedem
727 2258 828 2284 LPTV
912 2258 1018 2289 psi-icida
1035 2258 1066 2287 B,
1090 2258 1164 2289 petri-

153 2297 206 2321 cida
223 2297 236 2321 b
327 2297 359 2321 24
380 2298 404 2320 et
426 2302 470 2320 om.
495 2296 518 2320 Τ
608 2297 672 2321 uicet
689 2297 713 2321 B
803 2297 834 2321 26
854 2297 975 2321 dioscorus
994 2297 1019 2321 B
1111 2302 1164 2327 pre-

153 2342 244 2359 cessore
261 2335 285 2359 Β
