1532 3123
702 438 807 463 Dictio
828 428 877 462 111.
1237 438 1295 469 433

285 522 350 552 cata
368 522 530 560 patrocinio.
551 519 677 559 institue,
698 514 823 564 domine,
844 513 979 552 nei-tendo
999 516 1141 553 ‘sacrificia
1163 512 1206 561 et,
1226 518 1294 570 dum

283 562 362 606 purifi
389 564 565 598 cumulamiis
591 563 694 598 altaria
718 560 818 598 sancta
849 559 985 603 donariis,
1015 566 1204 611 praesentiam
1229 558 1294 598 tnae'

283 608 444 644 maiestatis
473 614 620 649 intersere,
648 610 781 644 euocatus
805 614 965 644 sanctorum
985 604 1086 644 merito
1110 606 1294 650 sacerdotum,

282 656 367 690 electi
393 656 516 690 seorsum
542 657 700 698 pr'ae‘sentis
724 652 812 697 patris
839 661 929 690 nostri
955 653 1089 690 Laurenti
1114 660 1294 696 conscientia,

245 719 268 737 5
282 707 331 744 qui
352 706 396 736 tot
414 707 513 744 plenus
534 705 647 736 dotibus
667 704 702 736 ad
719 705 855 736 ecclesiae
876 705 990 744 fastigia
1003 708 1101 743 creuit,
1122 707 1190 748 quot
1211 706 1294 736 fecis-

282 748 349 781 sdnt
367 752 511 781 summum
524 752 636 790 singula
656 759 780 789 quaeque
799 752 968 789 pontificem,
990 753 1019 781 in
1032 760 1086 789 quo
1100 752 1199 782 uei-nat
1217 752 1293 790 prin-

282 806 346 836 eeps
358 797 424 827 boni
435 797 525 835 operis
540 799 569 827 et
578 799 671 827 mater
685 797 841 827 honestatis
852 797 1013 833 ueroundia,
1027 797 1170 836 religionis
1181 798 1294 828 sanetae

280 844 377 873 nuttix
397 844 550 881 patientia,
572 843 654 873 deum
677 851 786 882 semper
805 844 953 881 placatura
972 844 1072 881 pietas,
1097 843 1144 881 qui
1165 845 1294 873 ecclesia-

282 889 362 919 sticis
376 889 511 919 membris
525 897 580 919 non
591 897 718 919 sermone
731 890 808 919 uitae
825 890 956 919 instituta
969 885 1070 920 timuit
1088 890 1136 920 sed
1151 890 1293 927 exemplis,

233 936 330 973 :requi
351 943 462 965 omnem
483 936 593 972 callem,
613 944 667 973 quo
688 935 723 965 ad
745 936 828 965 deum
849 936 920 972 itur,
943 936 1009 966 dum
1029 936 1158 974 praeuius
1178 935 1292 972 incedit,

280 981 419 1017 ostendit,
447 981 600 1011 adiuuante
620 990 650 1011 se
670 982 784 1011 domino
804 982 896 1011 nostro
916 982 980 1011 Iesu
996 981 1106 1012 Christo
1127 990 1192 1011 cum
1212 984 1291 1019 patre

281 1029 418 1065 regnante
437 1028 465 1056 in
486 1028 598 1057 saecula
614 1028 797 1057 saeculorum.
823 1026 912 1057 amen.

761 1157 814 1187 III.

306 1247 435 1278 DICTIO
460 1248 563 1278 DATA
588 1248 789 1278 STEPHANO
810 1248 844 1277 V.
866 1248 894 1278 S.
915 1248 1070 1278 VIGARIO
1096 1248 1266 1279 DICENDA

221 1314 270 1334 ³5
602 1301 757 1330 MAXIMO
778 1301 967 1331 EPISCOPO.

319 1385 419 1415 Prodit
437 1385 582 1422 religiosae
608 1385 706 1414 uotum
734 1385 920 1414 eonscientiae
940 1393 1019 1414 mens
1038 1384 1168 1414 laudibus
1182 1386 1292 1426 deuota

279 1431 460 1468 pontificum:
481 1431 601 1461 adsertio
621 1431 729 1468 ingenii
749 1431 802 1467 est,
822 1432 872 1460 deo
892 1431 1107 1468 obsequentibus
1131 1432 1290 1468 mancipare

278 1477 354 1514 quod
374 1477 523 1514 loquimur.
564 1478 593 1506 in
621 1484 739 1514 quorum
766 1477 919 1514 praeconiis
945 1477 1016 1507 forte
1037 1480 1172 1514 angustus
1199 1485 1291 1506 sermo

277 1523 379 1560 nulget
392 1523 562 1560 inperitiam,
575 1523 742 1552 manifestat
761 1525 864 1557 tamen,
885 1523 910 1552 si
924 1523 1107 1561 abstineatur,
1127 1524 1289 1553 infantiam.

219 1573 264 1595 *ο
277 1570 343 1607 quis
364 1569 521 1598 mendicam
542 1568 731 1597 narrationem
751 1569 891 1604 aestimet,
912 1577 996 1606 quam
1009 1570 1076 1598 nota
1095 1569 1290 1606 locupletant?

277 1624 361 1653 saepe
380 1615 409 1644 in
430 1614 578 1644 facundiae
598 1614 711 1644 dotibus
725 1623 830 1652 pauper
849 1614 994 1643 inuenitur
1007 1622 1079 1644 uena
1093 1614 1289 1652 praedicantis,

325 1713 341 1737 2
352 1715 419 1737 tuam
430 1714 486 1737 tuae
497 1713 521 1737 B
608 1714 624 1738 4
635 1714 719 1738 electis
727 1713 753 1737 B
838 1714 956 1744 presentis
968 1714 993 1738 B
1078 1714 1192 1738 laurentii
1207 1714 1230 1739 Τ

269 1760 291 1785 5
307 1759 408 1790 plenum
425 1759 456 1783 T*
543 1759 587 1783 do
588 1759 656 1783 tibus
672 1759 706 1787 B,
728 1759 828 1784 notibus
845 1759 876 1784 Τ
953 1760 1013 1790 quot
1029 1759 1062 1783 T'
1076 1762 1101 1784 et
1117 1759 1200 1789 Sir-m„
1225 1760 1288 1790 quod

269 1804 429 1829 BLPT¹Vb
521 1805 536 1828 6
552 1805 649 1836 singula
664 1812 784 1829 summum
802 1793 826 1830 Τ
915 1805 929 1829 7
953 1805 1082 1836 relegionis
1098 1805 1124 1829 Β
1212 1805 1230 1839 β
1246 1812 1288 1836 pa-

268 1844 369 1868 cientia
384 1843 435 1867 LV
517 1849 609 1873 semper
625 1850 670 1868 om.
689 1843 713 1867 B
804 1843 820 1867 9
836 1850 945 1867 sermons.
960 1843 995 1867 11¹
1081 1843 1172 1868 tribuit
1189 1844 1219 1872 B,
1243 1843 1289 1867 tri-

270 1889 336 1914 buet
351 1889 466 1914 LPTVb
559 1889 589 1913 10
605 1889 700 1919 preuius
717 1889 741 1912 B
835 1890 865 1913 12
880 1888 959 1913 secula
975 1889 1111 1914 seculorum
1126 1883 1166 1914 πιῖι
1181 1889 1208 1914 Β

323 1935 371 1960 m.
393 1935 474 1959 Dictio
485 1935 541 1959 data
553 1935 669 1966 stephano
681 1935 816 1966 (stephanio
827 1935 854 1965 V,
866 1936 969 1960 stefanio
977 1935 1011 1966 Β)
1023 1943 1046 1960 ιι.
1057 1943 1077 1960 s.
1087 1935 1177 1960 uicario
1188 1935 1289 1959 dicenda

270 1974 382 1999 maximo
392 1974 500 2004 episcopo
516 1973 619 2002 BLTV,
643 1973 734 2004 Incipit
749 1974 852 2004 epistola
868 1974 1001 2005 symmachi
1012 1973 1148 2005 (simmachi
1159 1974 1194 2004 Δ)
1211 1980 1287 2005 papae

270 2019 397 2045 laurentio
423 2019 607 2044 mediolanensis
633 2020 743 2044 eeclesiae
768 2013 878 2051 arehiepo
904 2019 1007 2044 directa·
1034 2019 1192 2044 dilectissimo
1215 2020 1288 2050 atque

274 2066 401 2091 carissimo
417 2065 487 2089 fratri
502 2065 622 2089 laurentio
638 2065 820 2090 mediolanensis
836 2065 948 2090 ecclesiae
965 2065 1115 2095 (aecclaesiae
1125 2066 1159 2096 A)
1175 2059 1287 2096 archiepo

276 2111 422 2137 simmachus
437 2119 478 2143 eps
498 2111 524 2135 iu
540 2111 587 2136 duo
607 2112 711 2136 salutem
726 2112 799 2137 inser.
816 2112 841 2136 Δ
857 2114 897 2141 (=
911 2111 964 2137 eod
980 2111 1114 2137 Parisinus
1128 2113 1206 2142 9629)
1223 2114 1246 2137 et
1262 2104 1287 2137 R

279 2153 318 2179 (=
339 2150 478 2175 Vaticanus
491 2151 549 2180 630)
569 2150 634 2174 idem
654 2151 697 2181 qui
722 2150 809 2181 Opusc.
826 2149 862 2175 11
877 2147 1004 2180 ethm‚·
1029 2157 1095 2175 sacra
1115 2146 1189 2175 tertia
1208 2150 1286 2176 inser.

280 2188 338 2213 add.
356 2188 429 2213 Sirm.
522 2189 551 2212 21
567 2188 675 2212 facondie
693 2189 723 2212 T·
816 2183 962 2219 predicantis
978 2188 1054 2213 BLV

325 2234 366 2258 VI.
1164 2235 1195 2258 28
