1532 3123
311 590 370 620 560
652 586 755 618 Magni
770 586 885 612 Felicis
900 585 1018 610 Ennodi

403 672 472 702 Cum
493 674 587 702 dexter
607 672 699 709 capiat
718 670 850 701 Laurenti
871 679 986 700 munera
1005 670 1119 708 Xystus.

404 719 449 748 Sic
469 720 565 748 manet
585 718 716 753 officium,
738 717 810 754 quod
831 716 935 746 sanctis
957 716 1077 754 contigit
1097 716 1174 747 olim.

403 764 515 795 Obtulit
535 764 582 793 hic
601 763 747 800 templum,
768 763 881 792 ueniens
901 762 973 800 quod
993 764 1136 792 consecrat
1156 763 1212 792 ille.

766 861 861 890 VIIII.

350 931 430 957 ITEM
446 931 482 956 m
499 931 646 956 BASILICA
666 930 708 955 SS.
725 930 802 960 QVIA
819 929 989 954 ARSERANT
1006 928 1175 954 AEDIFICIA
1190 927 1274 959 QVAE

486 977 582 1003 PRIVS
597 977 646 1002 IBI
661 976 811 1002 FVERANT
828 976 868 1000 m·
884 976 935 1001 SIC
951 975 1054 1000 FACTA
1071 975 1136 1000 EST.

401 1033 476 1063 Vilia
496 1034 572 1062 tecta
591 1032 670 1069 prius
691 1032 799 1061 facibus
821 1039 925 1061 cessere
945 1031 1043 1068 beatis,

400 1079 428 1109 Si
450 1077 579 1117 splendor
598 1086 647 1115 per
667 1078 769 1107 damna.
788 1078 875 1113 uenit,
895 1077 919 1105 si
940 1076 1063 1105 culmina
1083 1076 1204 1105 flammis

400 1125 578 1162 Consurgunt
596 1123 727 1153 habitura.
746 1124 837 1158 deum,
857 1122 881 1152 si
901 1122 1010 1160 perdita
1031 1123 1158 1151 creseunt

398 1171 513 1209 Ignibus
532 1170 667 1205 innocuis,
689 1169 713 1198 si
734 1170 802 1198 dant
822 1168 966 1205 dispendia
986 1168 1103 1197 cultum.

325 1219 344 1248 5
399 1216 496 1252 Qualis
517 1216 570 1245 erit
589 1224 721 1253 reparans
742 1214 948 1252 crepitantibus
969 1215 1052 1243 aucta
1071 1213 1182 1243 ruinis?

398 1261 539 1300 Laurenti,
559 1264 610 1291 tua
629 1262 703 1291 bello.
722 1269 821 1299 gerens
844 1260 972 1289 incendia
992 1260 1081 1289 uince.

397 1309 512 1338 Sordida
532 1309 668 1337 marcenti
688 1307 818 1337 latuisset
838 1309 911 1336 terra
930 1314 1048 1341 recessu,

396 1354 426 1384 Si
447 1355 537 1383 status
557 1354 657 1383 faciem
677 1354 837 1382 tenuissent
858 1354 938 1382 antra
957 1352 1072 1381 uetusti.

397 1401 450 1430 Sed
472 1402 620 1437 postquam
640 1399 733 1436 superi
753 1399 880 1428 flammas
902 1399 1001 1427 misere
1021 1398 1165 1432 secundas,

307 1447 343 1476 10
398 1446 442 1475 Ad
464 1446 558 1475 lumen
579 1445 682 1474 cineres
702 1445 846 1475 traxerunt
865 1444 920 1473 ista
939 1444 1094 1473 colendum.

395 1492 459 1521 Hue
480 1492 573 1521 oeulos
593 1493 724 1520 conuerte
744 1491 812 1528 pios,
833 1491 881 1527 qui
901 1491 1002 1519 cuncta.
1021 1498 1123 1527 uapore

394 1537 537 1567 Praedicis
556 1537 724 1573 mundanda,
745 1539 833 1574 pater,
854 1536 991 1573 rebusque
1013 1536 1151 1565 docendos

396 1585 517 1622 Instrue,
538 1593 572 1613 ne
593 1583 687 1613 uerbis
708 1583 813 1613 titubet
832 1591 910 1612 mens
930 1584 1021 1612 nescia
1041 1582 1118 1611 recti.

789 1683 823 1712 X.

491 1752 611 1776 VERsvs
628 1751 664 1776 IN
680 1751 770 1776 DOMO
789 1749 971 1775 MEDIOLANI
989 1750 1122 1774 SCRIPTI.

378 1806 503 1835 Aedibus
523 1805 558 1835 ad
579 1805 691 1844 genium
713 1806 766 1834 duo
788 1806 854 1834 sunt
873 1813 998 1833 concessa
1018 1813 1066 1841 per
1086 1813 1195 1840 aeuum,

416 1851 445 1881 Si
467 1851 578 1881 niteant
598 1851 698 1880 crustis
720 1852 769 1880 aut
790 1851 894 1880 domini
915 1851 1024 1879 merito,

346 1950 361 1973 6
380 1956 433 1973 cum
454 1949 553 1979 scripsi,
578 1956 649 1979 quem
670 1949 725 1973 libri
818 1955 914 1972 munere
936 1950 999 1973 coni.
1022 1949 1133 1973 Schottus
1226 1951 1307 1980 syxtus

300 1995 336 2024 B,
363 1989 376 2018 ὶ
396 1994 427 2024 Τ,
452 1994 558 2018 christus
576 1995 644 2019 EPb
738 1995 859 2019 consecret
874 1994 916 2019 Pb
1011 1994 1093 2020 vl111.
1119 1994 1206 2026 ITEM]
1230 1995 1308 2019 ITEM

300 2041 335 2064 IN
352 2040 427 2064 ALIO
444 2039 525 2064 LOCO
541 2040 662 2065 FACTOS
678 2040 805 2065 BELTV
892 2033 965 2065 SOUS
985 2042 1007 2066 T
1096 2041 1111 2065 2
1127 2042 1221 2072 si-si]
1238 2042 1308 2066 sic—

298 2080 332 2103 sic
348 2079 430 2103 P²T²b
522 2079 537 2103 3
552 2078 620 2103 deum
638 2079 662 2103 B
677 2086 696 2103 e.
713 2080 728 2103 1.
822 2080 851 2110 si]
869 2080 903 2103 sic
919 2079 1022 2104 MP²Tb
1113 2081 1128 2104 4
1148 2080 1259 2105 innocuis
1275 2080 1309 2105 sic

298 2118 357 2141 dent
376 2117 500 2147 dispendia
521 2117 613 2141 cultum
637 2117 660 2141 T
677 2118 705 2141 in
720 2125 769 2142 rae.
863 2118 884 2141 si
904 2118 971 2148 dent}
992 2118 1037 2142 fide
1054 2120 1080 2142 st
1103 2118 1129 2142 Ε
1219 2119 1234 2142 5
1254 2119 1309 2143 acta

299 2155 379 2180 EMT
468 2156 483 2179 6
507 2157 534 2179 tu
559 2156 617 2185 fort.
710 2156 762 2180 nice
786 2156 815 2186 P,
843 2157 893 2180 uite
916 2156 1003 2186 EMT,
1030 2157 1095 2180 uitae
1110 2156 1124 2180 b
1217 2158 1233 2181 8
1258 2157 1308 2181 siue

298 2198 377 2218 status
401 2194 463 2218 coni.
489 2193 602 2218 Schottus
705 2195 796 2219 uetusti
821 2195 856 2224 B,
888 2195 984 2218 uetusta.
1007 2195 1059 2219 rell.
1163 2195 1178 2218 9
1204 2195 1307 2221 miserest

298 2233 322 2257 B
416 2233 535 2256 auxerunt
557 2233 614 2262 sort.
715 2234 743 2257 11
766 2240 854 2264 pauore
881 2233 903 2257 Τ
994 2233 1023 2256 12
1047 2233 1147 2263 predicis
1171 2232 1249 2257 BEP

299 2286 327 2310 13
349 2270 478 2324 ιιωῇἐξξᾷῇᾳ
497 2286 521 2310 Β
614 2286 643 2310 x.
668 2286 792 2311 scmpn
815 2287 934 2312 vnnsvs
955 2286 991 2312 m
1013 2287 1102 2312 nouo
1123 2286 1308 2311 MEDlOLANI

303 2340 325 2363 V
415 2339 430 2363 2
446 2342 467 2364 si
483 2340 608 2364 nitenennt
624 2340 648 2365 L
740 2341 820 2365 cristis
837 2341 870 2366 13¹
