1532 3123
241 604 299 634 448
562 603 666 634 Magni
681 602 798 627 Felicis
814 601 929 627 Ennodi

241 687 309 717 colis
321 695 389 716 arua
402 687 573 716 dissoluant:
595 687 720 716 nascitur
735 686 859 715 exercitii
874 687 1040 716 desiderium
1055 687 1089 716 de
1102 687 1250 716 fertilitate

240 733 365 763 telluris:
387 733 545 763 uomeribus
565 732 704 770 agendum
723 733 774 766 est,
796 734 828 761 ut
842 741 891 770 per
903 732 1035 769 palmites
1055 732 1185 762 exuberet
1200 732 1250 762 doe

240 778 377 809 autumni.
409 785 562 816 numquam
582 779 742 815 spumantia
761 777 849 807 labris
869 779 964 808 musta
983 780 1099 816 meruit,
1126 779 1181 807 nisi
1202 778 1250 816 qni

241 825 342 853 uitium
368 824 506 853 luxuriem
533 832 618 853 curua
641 824 714 853 falce
735 825 871 853 resecauit
890 825 918 853 et
937 825 967 853 in
987 824 1104 854 diuersis
1125 824 1249 853 cultibus

240 871 317 908 plus,
342 878 427 908 quam
454 870 514 899 uini
538 870 691 907 acciperet,
722 870 837 907 liquoris
858 870 963 899 effudit.
997 870 1063 899 talis
1086 871 1127 899 est
1147 871 1250 899 natura
1269 881 1280 900 ε

240 916 416 946 mortalium:
442 916 496 945 rite
522 917 707 952 conparantur
732 915 855 945 arbustis
875 916 1034 946 rudimenta
1058 916 1248 952 paruulorum,

240 971 308 999 quos
329 963 476 999 postquam
495 963 644 999 parentum
664 962 822 991 sollicitudo
835 971 852 991 a
872 963 969 991 matris
990 962 1082 991 radice
1101 961 1248 998 decerpsit,

239 1008 444 1045 prouidendum
465 1009 508 1037 est
528 1009 575 1037 oui
595 1008 654 1037 solo
675 1008 753 1037 iuxta
773 1009 840 1037 uota
854 1008 1030 1037 conmendet.
1059 1008 1123 1045 post
1142 1007 1247 1036 delibe-

239 1055 374 1083 rationem
394 1053 551 1083 doctoribus
571 1054 634 1083 iura
653 1056 750 1083 nostra
767 1054 987 1084 transcribimus,
1018 1056 1087 1083 tunc
1111 1053 1184 1082 finnt
1203 1053 1248 1082 in-

239 1100 385 1129 stitutione
410 1100 498 1129 uestri
525 1108 592 1137 quos
618 1100 700 1129 nobis
725 1100 826 1129 natura
851 1100 1033 1129 concesserit:
1061 1100 1130 1128 tunc
1150 1098 1247 1135 incipit
1257 1110 1280 1128 ιο

239 1145 295 1174 sibi
315 1146 424 1174 tantum
438 1145 594 1175 studiorum
609 1146 678 1175 lima
690 1146 840 1180 uindicare,
861 1147 996 1182 quantum
1010 1146 1087 1183 origo
1103 1146 1149 1174 uix
1164 1152 1246 1181 prae-

238 1191 324 1220 ualet.
349 1199 436 1229 paene
450 1191 526 1221 enim
541 1200 595 1220 non
609 1191 742 1221 iniurium
756 1192 806 1226 est,
827 1191 902 1220 uinci
916 1191 1075 1228 prosapiem
1090 1191 1248 1220 conlatione

239 1236 388 1274 doctrinae,
409 1235 476 1274 quia
495 1238 583 1275 patris
603 1237 727 1267 officinm
747 1237 833 1266 habet
847 1238 985 1266 luxuriam
1006 1237 1146 1271 comitem,
1167 1244 1247 1273 prae-

238 1284 356 1320 ceptoris
370 1283 602 1312 sollicitudinem:
624 1283 733 1320 genitor
746 1284 779 1312 fit
793 1284 908 1320 deliciis,
929 1284 1074 1312 institutor
1085 1281 1245 1312 laboribus:

238 1329 399 1358 libertatem
418 1329 495 1366 origo
516 1329 623 1365 tribuit,
644 1329 763 1367 dignum
782 1329 916 1359 libertate
935 1330 1057 1358 monitor
1077 1329 1153 1358 facit.
1181 1335 1278 1365 ergom

238 1374 328 1412 magis
359 1376 486 1404 uestrum
514 1377 558 1404 est
592 1377 665 1412 quod
690 1375 820 1405 laudatur
844 1375 873 1404 in
900 1376 1025 1405 homine:
1051 1382 1132 1404 nemo
1158 1374 1245 1411 enim,

239 1421 262 1450 si
298 1421 368 1450 desit
407 1421 600 1450 testimonium
639 1421 800 1455 facundiae,
838 1422 943 1458 poterit
981 1421 1141 1458 praedicare
1174 1420 1247 1457 quod

238 1466 387 1496 nascimur.
418 1467 592 1503 splendorem
614 1467 737 1497 familiae
756 1467 849 1505 prodit
868 1468 979 1504 lingna,
1002 1475 1086 1504 quam
1106 1466 1246 1495 tribuitis:

237 1512 270 1540 fit
299 1520 396 1548 praeco
426 1514 534 1549 generis
568 1512 697 1550 magistri
731 1512 911 1543 beneficium:
946 1512 1085 1542 inerudita
1113 1511 1247 1541 nobilitas

237 1557 354 1587 caeleste
374 1566 475 1587 munus
496 1558 617 1588 abiurat.
648 1559 792 1597 adstringe
805 1567 870 1597 ergo
884 1558 1035 1588 artioribus
1056 1558 1176 1588 uinculis
1197 1564 1277 1594 pern

237 1605 358 1633 aetatem
389 1604 501 1633 erratici
534 1605 659 1641 palmitis
692 1605 800 1642 lapsus:
834 1605 893 1634 sine
923 1605 1018 1634 subole
1048 1611 1140 1633 ramos
1170 1603 1245 1633 ferro

237 1650 359 1687 castiga:
380 1650 524 1679 nouellum
545 1650 678 1687 cespitem
699 1650 769 1686 fotu,
790 1659 844 1688 quo
858 1653 960 1680 cuncta
973 1650 1142 1679 fructificare
1161 1649 1244 1684 soles,

237 1695 350 1725 adtolle.
384 1696 470 1725 habet
496 1697 659 1726 adulescens
685 1698 790 1732 noster,
811 1705 999 1733 quoscumque
1020 1697 1054 1726 de
1074 1697 1131 1725 suis
1151 1703 1246 1732 respe-

284 1810 296 1833 1
318 1809 383 1840 arus]
400 1809 455 1832 ame
475 1809 500 1833 Β
591 1810 703 1833 nascetur
724 1809 748 1833 Β
839 1809 952 1833 exercitia
975 1809 1005 1833 V·
1096 1809 1111 1833 3
1133 1810 1244 1833 automni

236 1851 261 1875 B
351 1851 367 1876 4
384 1851 514 1876 luxui-laem
530 1852 555 1875 Β
647 1853 662 1877 5
678 1852 757 1876 liooris
774 1852 832 1876 BV¹
925 1853 940 1876 6
956 1852 1060 1876 arbustis
1079 1853 1109 1877 T*
1126 1854 1148 1876 et
1160 1852 1244 1881 Sim„

236 1903 330 1927 arbutis
340 1904 493 1929 BLPT¹Vb
580 1904 701 1929 rudimeta
712 1905 735 1929 T
821 1905 835 1928 7
851 1904 965 1936 dicei-psit
980 1906 1007 1934 T,
1024 1893 1147 1930 diesi-’serit
1157 1906 1184 1930 B

234 1958 250 1981 8
266 1957 331 1982 iusta
350 1958 373 1982 T
459 1959 597 1983 conmonuit
612 1959 637 1983 B
725 1959 896 1983 delibationem
916 1959 938 1983 T
1028 1960 1043 1983 9
1060 1947 1244 1984 transcribimus

239 2011 267 2040 V,
291 2012 477 2036 transcribemus
494 2012 521 2036 Β
612 2013 643 2037 10
658 2013 749 2044 incepit
765 2013 800 2037 3¹
893 2014 921 2037 11
940 2001 1062 2052 uindicare
1079 2014 1102 2037 Τ
1190 2021 1243 2044 pre-

234 2057 301 2081 nalet
311 2057 384 2081 LTV
468 2058 497 2082 12
506 2065 580 2089 penae
590 2058 668 2083 BLV
754 2060 782 2083 13
794 2058 864 2083 habit
875 2059 910 2083 Β·
981 2059 1095 2083 luxuriem
1106 2059 1182 2084 Sirm.

236 2099 265 2123 15
281 2101 387 2124 munitor
406 2100 437 2125 V¹
526 2101 554 2125 16
571 2100 665 2125 homine
685 2102 740 2130 T'b,
765 2101 886 2126 hominem
902 2102 1036 2126 BLPT¹V
1125 2102 1154 2125 17
1172 2102 1243 2126 testi-

235 2141 341 2166 moniom
352 2142 384 2166 V¹
460 2143 489 2167 18
500 2150 624 2167 nascemnr
635 2143 659 2167 B
732 2143 842 2168 tribuitis
855 2144 907 2174 Pb,
924 2144 1038 2168 tribuetis
1048 2144 1184 2168 BLPT¹V

235 2183 265 2207 19
281 2191 349 2214 preco
367 2184 414 2210 TV
496 2185 527 2209 20
542 2186 662 2217 astringe
678 2186 703 2216 (d
715 2187 788 2215 eras.)
805 2187 836 2216 L,
860 2187 990 2218 astringite
1005 2187 1019 2211 b
1106 2187 1242 2211 artior-ebus

234 2225 269 2249 Β·
362 2227 465 2251 uincolie
488 2227 524 2251 Βι
623 2228 654 2251 21
678 2227 790 2259 palmites
814 2228 838 2253 Β
935 2229 1015 2253 labsus
1039 2229 1065 2253 ⁴B
1162 2229 1241 2254 sobole

233 2266 309 2292 LTV
397 2275 478 2293 ramus
495 2269 519 2293 Β
611 2269 642 2293 22
661 2270 782 2295 nobellum
799 2271 823 2295 B
916 2271 1025 2301 cispitem
1041 2272 1066 2295 B
1159 2273 1242 2297 innota

234 2309 266 2334 1⁸¹
354 2309 411 2334 solis
429 2310 453 2334 B
539 2312 569 2336 23
585 2312 719 2336 adolescens
735 2312 785 2337 ΒΤ
869 2320 1031 2345 quoscumque
1046 2314 1140 2345 scripsi,
1166 2313 1241 2345 quod-

233 2358 334 2382 cumque
351 2352 409 2377 ztbn'
501 2354 629 2385 respexerit
644 2354 674 2379 de
689 2355 739 2379 suis
761 2355 808 2380 TV
