1532 3123
494 590 704 621 Epistularum
725 590 806 615 liber
821 590 850 614 V.
1121 590 1174 620 147

172 675 300 709 tinentia,
333 675 381 712 qui
411 675 484 704 uiuis
512 675 680 713 imaginibus
711 675 846 704 secretum
873 675 991 712 pectoris
1017 675 1073 704 oris
1099 675 1176 704 clauo

171 720 343 750 manifestat.
365 720 460 758 patior
480 721 592 758 quidem
612 721 753 750 interdum
774 721 921 750 caritatem
940 722 990 751 sub
1013 721 1177 758 paginarum

172 766 397 804 promulgatione
417 767 558 801 simulari,
579 775 732 803 numquam
746 768 839 796 tamen
853 768 932 796 credo
951 767 994 796 his
1009 767 1113 796 muniis
1126 767 1176 796 ab·

172 812 275 849 stipere
296 813 342 849 qui
363 813 497 849 diligunt.
531 813 635 842 referat
660 813 730 842 forte
750 813 912 851 magnitudo
932 814 1025 842 uestra
1047 813 1176 850 publicae

155 858 359 895 soecupationis
385 866 479 887 euram
504 858 598 888 locum
623 859 735 896 seriptis
761 858 948 888 familiaribus
977 867 1032 888 non
1060 858 1175 889 dedisse.

171 903 215 932 sed
233 903 309 932 idem
323 905 414 933 status
428 905 497 941 erat,
512 912 577 933 oum
588 905 765 941 praecedente
776 905 899 941 tempore
909 905 1056 942 conloquia
1065 905 1174 934 eulmen

170 951 294 979 uestrum
315 951 410 979 crebra
423 950 582 987 praestabat
602 959 652 979 nee
666 951 708 979 ita
721 950 817 979 aulicis
838 951 985 987 deputatus
998 951 1174 987 premebatur

170 995 300 1030 excubiis,
321 997 354 1024 ut
368 996 498 1032 promissi
513 996 615 1025 amoris
628 996 792 1025 memoriam
811 1004 864 1025 non
878 996 1002 1025 haberet.
1026 997 1088 1033 quis
1102 996 1173 1026 fanis

170 1041 267 1075 toxica.
290 1042 351 1079 quis
366 1050 484 1071 caenum
500 1042 623 1071 fontibus
637 1042 824 1072 clandestinus
838 1044 994 1071 susurrator
1007 1042 1174 1072 admiscuit?

147 1089 218 1117 ioaut
250 1087 320 1117 forte
341 1088 412 1125 quod
445 1088 535 1117 fuerat
561 1088 595 1117 de
622 1088 766 1117 affectione
792 1088 955 1125 subreptum
980 1089 1015 1117 ad
1041 1088 1172 1117 iudicium

170 1133 340 1163 rettulistis?
364 1134 413 1162 sed
427 1142 478 1171 ego
492 1142 623 1170 occupare
639 1142 689 1163 uos
701 1135 866 1172 paginarum
879 1135 1098 1171 promulgatione
1117 1142 1172 1163 non

171 1179 275 1214 differo,
296 1181 328 1208 nt
347 1179 384 1208 ad
403 1188 485 1208 usum
500 1181 621 1209 ueterem
641 1181 815 1209 cessantibus
833 1180 983 1217 promissae
1003 1180 1172 1217 dignationis

170 1225 292 1254 stimulis
312 1225 359 1254 nel
374 1226 554 1263 garrulitatis
567 1234 645 1255 meae
658 1227 799 1263 prouocati
820 1226 899 1263 fruge
911 1226 1041 1255 redeatis.
1062 1226 1172 1255 domine

171 1271 216 1306 mi,
237 1271 403 1308 obsequium
423 1271 600 1301 salutationis
620 1272 703 1309 plena
725 1272 885 1301 humilitate
904 1272 1061 1308 persoluens
1081 1272 1172 1301 indico

149 1325 212 1345 ame
230 1317 334 1346 uestris
354 1317 486 1354 cupidum
508 1325 567 1346 esse
587 1317 747 1355 aspectibus
766 1319 951 1355 praesentari,
971 1318 996 1346 si
1015 1318 1109 1346 tamen
1129 1317 1173 1347 fa-

171 1362 297 1392 ciendum
311 1363 454 1400 perpensis
477 1372 548 1401 quae
560 1364 639 1393 uobis
650 1364 725 1393 cordi
746 1371 805 1392 esse
822 1371 877 1392 non
890 1363 988 1393 dubito
1004 1364 1171 1393 rescribatis.

216 1485 226 1508 l
244 1485 286 1515 qui
303 1485 402 1515 scripsi,
428 1492 488 1515 quao
504 1485 616 1510 BLTVb
708 1486 724 1510 3
742 1492 864 1516 nunquam
886 1485 907 1510 V
996 1486 1011 1510 6
1026 1486 1172 1517 praecidenti

174 1522 193 1545 B
276 1523 290 1546 7
306 1523 390 1546 aulicis
406 1523 532 1554 deputatas
548 1523 584 1547 ita
600 1523 688 1547 LTVb
770 1523 932 1554 prasmsbatur
949 1524 973 1547 B
1056 1524 1071 1548 9
1087 1532 1171 1548 cenum

178 1560 195 1583 Τ
276 1562 414 1585 susurratur
430 1562 454 1585 Β
547 1562 576 1585 11
593 1562 712 1586 retulistis
728 1562 802 1587 LTV
884 1563 913 1587 12
928 1562 1010 1587 differo
1026 1563 1071 1593 Be,
1093 1563 1171 1587 defero

174 1598 258 1666 ξίἒῖω
274 1638 300 1662 Β
322 1599 351 1624 14
366 1599 426 1623 mihi
444 1599 517 1624 BLV
600 1600 754 1624 salutationis
770 1601 907 1631 obsequium
925 1600 998 1625 Sim.
1085 1602 1115 1625 15
1130 1608 1169 1625 eu-

1034 2384 1081 2409 10·
