1532 3123
505 587 716 618 Epistularum
731 587 811 612 liber
827 587 870 613 VI.
1134 589 1188 619 159

641 733 731 763 XVII.

400 786 562 825 E'NNODIVS
583 801 628 825 MA
632 801 791 827 BCELLINO
811 801 971 828 EPISCOPO.

221 855 362 892 Magnifici
383 855 436 884 uiri
457 856 551 884 domni
572 855 754 893 Stephanioni
778 855 830 885 filii
851 856 936 885 uestri
961 856 1028 886 facit
1053 856 1185 894 dignatio,

182 902 215 930 ut
226 900 397 930 beatitudini
411 902 519 930 uestrae
529 902 662 939 legendus
674 910 826 936 occurram,
841 903 920 931 ouius
933 902 1067 931 beneficio
1081 903 1187 931 itineris

161 946 285 975 scat-itas
306 947 475 975 detrimenta
495 954 548 975 non
576 947 681 983 patitur
701 948 730 975 et
750 947 823 984 quod
846 948 1005 984 praesentia
1030 955 1083 977 non
1110 949 1187 977 ualet

181 1000 309 1022 somnne
329 993 488 1029 conpensat.
510 992 552 1021 his
574 1001 639 1031 ergo
659 994 773 1023 seruitia
793 993 960 1030 apostolatui
980 996 1071 1023 uestro
1091 994 1188 1023 debita

180 1040 389 1075 repraesentans
416 1046 530 1075 quaero,
555 1039 589 1067 ut
615 1047 660 1068 me
688 1040 844 1068 orationum
870 1039 1001 1076 suffragio
1025 1039 1185 1074 subleuetis.

180 1085 319 1121 quatenus
333 1085 451 1113 insertus
465 1085 618 1114 uenerabili
636 1085 817 1114 conscientiae
833 1085 866 1114 de
881 1086 957 1114 omni
968 1094 1076 1114 merear
1089 1085 1187 1123 digna·

179 1130 266 1160 tionis
291 1132 402 1160 uestrae
427 1131 506 1168 fruge
533 1132 683 1169 gratulari,
713 1132 778 1168 quia
806 1132 924 1161 fiduciae
954 1140 1031 1161 meae
1059 1140 1187 1161 coronam

149 1189 171 1206 m
180 1178 306 1206 uestram
327 1184 381 1205 non
402 1176 515 1215 ambigo
536 1184 741 1214 responsuram.

631 1284 737 1313 XVIII.

500 1351 663 1376 ENNODIVS
682 1351 871 1377 DOMINICAE.

217 1407 293 1436 Fecit
315 1407 478 1444 magnitudo
500 1410 592 1436 uestra
613 1408 685 1444 quod
706 1409 734 1436 et
755 1407 859 1436 sanctis
883 1407 1007 1437 moribus
1025 1407 1082 1436 suis
1103 1407 1186 1437 debet

178 1454 209 1482 et
228 1454 367 1491 sanguini,
388 1455 421 1483 ut
440 1454 655 1491 propinquitatis
677 1455 839 1482 memoriam
864 1454 969 1483 silentii
989 1462 1043 1482 non
1063 1455 1187 1491 patiatur

148 1511 170 1529 1⁵
178 1501 291 1536 torpore
311 1499 497 1537 languescere.
538 1500 566 1528 in
588 1508 761 1536 quacumque
785 1501 924 1528 terrarum
944 1501 1023 1536 parte
1043 1500 1118 1529 uiuit
1138 1501 1186 1529 ad-

178 1545 288 1580 finitas,
320 1555 370 1575 nec
396 1547 560 1583 separantur
589 1545 749 1583 regionibus
776 1545 933 1582 parentelae
961 1548 1057 1575 catena
1081 1546 1185 1575 sociati.

179 1592 287 1621 credite
312 1592 397 1627 mihi,
424 1592 537 1621 dilectio
563 1593 657 1621 sancta
678 1600 732 1620 non
759 1592 866 1628 deperit
890 1599 940 1620 nec
966 1591 1056 1620 uuum
1081 1592 1187 1628 patitur

177 1646 228 1675 per
253 1638 407 1667 diuisiones
437 1637 570 1666 itinerum
601 1640 704 1666 natura
733 1637 918 1674 dispendium.
958 1645 1023 1666 nam
1052 1645 1185 1674 generum

178 1685 307 1713 uestrum
332 1684 442 1713 tantum
462 1684 533 1712 mihi
558 1683 693 1712 noueritis
714 1683 840 1712 caritatis
860 1683 1022 1719 inpendere,
1049 1683 1185 1719 quantum

147 1730 217 1760 mad
230 1729 455 1759 uicissitudinem
470 1730 550 1758 nulla
563 1729 719 1758 satisfactio
733 1729 836 1758 existat
846 1729 952 1758 idonea.
968 1729 1040 1765 quod
1051 1731 1185 1765 superest,

178 1776 294 1805 domina
314 1775 370 1809 mi,
400 1775 567 1812 accipientes
594 1775 704 1804 debitae
728 1775 905 1804 salutationis
925 1775 1062 1809 affectum,
1103 1775 1185 1804 doum

177 1830 288 1860 precor,
310 1824 342 1850 ut
363 1821 392 1850 in
414 1822 483 1850 bono
505 1823 619 1850 mutuae
638 1821 782 1850 felicitatis
803 1820 917 1850 uidendi
942 1829 989 1849 uos
1015 1820 1185 1849 occasionem

176 1868 305 1897 conferre
335 1868 481 1905 dignetur,
512 1868 649 1904 quatenus
679 1866 731 1896 sub
763 1866 985 1896 confabulatione
1014 1866 1110 1896 uotiua
1138 1867 1185 1904 pia

178 1914 316 1943 desideria
336 1914 524 1942 subleueutur.

225 2041 305 2067 XVII.
339 2042 354 2065 2
374 2041 480 2072 episcopo
498 2049 542 2066 om.
563 2042 584 2065 T
675 2042 690 2065 3
705 2042 796 2065 domini
816 2041 830 2065 b
923 2041 1052 2065 stefanioni
1070 2041 1104 2070 Β,
1128 2042 1185 2066 Fre-

175 2081 282 2105 fanionis
299 2080 314 2104 b
408 2080 441 2104 ffli
463 2080 487 2104 B
578 2081 594 2104 4
614 2081 712 2104 iteneris
733 2080 792 2104 BV¹
885 2080 900 2104 6
921 2081 1042 2110 coupessat
1062 2080 1097 2104 11¹
1114 2081 1140 2110 (n
1156 2081 1185 2104 in

175 2126 202 2142 m
221 2121 242 2142 et
258 2126 281 2143 ss
297 2120 325 2143 in
342 2126 370 2143 ns
386 2126 447 2143 corr.
464 2127 495 2144 m.
511 2121 575 2149 ant.)
666 2119 682 2143 8
698 2120 811 2149 quatinus
829 2119 902 2143 LTV

226 2172 318 2197 xvm.
352 2172 382 2196 12
398 2172 466 2197 anino
482 2173 536 2202 ιτ,
560 2160 669 2197 domnizo
686 2173 710 2197 B
807 2174 836 2197 14
851 2172 956 2203 patiatur
966 2172 997 2197 ,Β
1089 2173 1119 2197 15
1133 2174 1185 2197 tur-

176 2225 236 2249 pore
252 2218 276 2242 B
367 2218 515 2249 languiscere
532 2219 556 2243 B
657 2219 686 2243 16
706 2219 848 2249 parentillae
865 2219 908 2243 Bb
1010 2219 1038 2243 17
1055 2211 1138 2249 “perit
1156 2218 1184 2247 V,

176 2256 277 2280 deberet
297 2257 340 2281 Bb
442 2257 471 2281 18
494 2257 625 2281 diuisiones
645 2257 746 2287 scripsi,
770 2257 898 2281 diuisionis
917 2256 1016 2285 BTVb,
1039 2256 1184 2281 diuet-sionis

178 2293 203 2318 L
290 2295 407 2320 itenerum
424 2294 479 2324 BV,
504 2295 591 2319 itinera
603 2295 676 2320 Sir-m.
764 2295 793 2319 21
810 2295 870 2319 mihi
886 2295 963 2320 BLV
1045 2295 1183 2325 accipientis

177 2332 245 2357 BLb
337 2333 367 2357 23
383 2333 496 2364 quatinus
516 2333 538 2357 T
