1532 3123
689 599 796 624 Dietio
815 599 864 624 111.
1226 601 1285 632 435

268 684 411 713 credimus
432 685 557 713 euenisse
577 684 625 713 sed
645 685 770 722 praemii.
798 684 868 713 alios
887 683 966 722 uulgi
986 693 1054 714 aura
1073 685 1166 723 gratia
1178 686 1283 715 lenoci-

268 731 355 759 nante
375 732 565 760 commendat:
593 730 645 760 tibi
666 731 756 768 rigida
776 730 852 760 circa
871 730 1025 767 culpabiles
1046 731 1185 761 districtio
1206 731 1285 761 dedit

266 776 410 807 affectum.
431 778 528 806 manet
547 777 575 805 te
588 775 741 813 singularis
762 776 911 814 sapientia,
933 785 1004 813 quae
1024 777 1093 807 licet
1113 779 1283 815 generaliter

267 822 394 859 optanda
419 823 474 857 est,
505 824 599 852 tamen
629 822 726 851 existit
751 823 781 851 in
811 823 946 860 magistro
973 824 1138 853 necessaria.
1178 824 1284 854 frustra

245 877 259 895 ε
267 868 419 897 monitoris
431 876 578 905 personam
595 868 713 905 suscipit
726 868 774 904 qui
788 867 894 905 inpacti
907 876 961 897 nou
973 868 1119 906 praeualet
1133 870 1282 900 aestimare

266 914 376 950 pondus
390 914 488 944 officii:
501 914 650 943 uilissimis
660 914 849 951 conparandas
861 916 912 950 est,
927 913 981 943 nisi
991 914 1144 952 praecellat
1154 915 1281 952 scientia,

266 960 317 997 qui
337 960 382 989 est
401 960 502 989 honore
521 960 715 998 praestantior.
737 960 814 990 dedit
834 961 887 990 tibi
907 961 1015 998 apicem
1034 968 1079 989 res
1098 960 1204 998 iudicii,
1226 970 1282 991 non

267 1005 390 1035 fauoris:
406 1006 506 1044 dignus
517 1006 647 1044 pontifice
661 1014 740 1036 amor
750 1007 793 1036 est
807 1014 890 1043 quem
904 1014 1022 1036 censura
1035 1006 1180 1037 conciliat:
1196 1007 1282 1036 deue-

266 1052 365 1081 nustat
384 1052 554 1082 institutoris
574 1052 689 1090 genium
709 1053 757 1090 qui
777 1061 827 1090 per
841 1052 932 1082 solam
945 1054 1067 1090 gratiam
1081 1053 1145 1082 uult
1164 1053 1282 1090 placere.

232 1108 259 1126 ιο
266 1099 299 1127 tu
320 1098 365 1128 his
386 1099 513 1127 eruditus
534 1100 563 1127 et
576 1098 712 1128 formatus
732 1099 805 1128 caeli
818 1098 959 1129 beneficiis
973 1099 1036 1136 plus
1050 1099 1157 1136 agendo
1171 1098 1282 1136 plebem

266 1143 397 1173 instituis
417 1153 501 1181 quam
514 1145 659 1182 loquendo.
680 1144 731 1174 illa
743 1144 850 1174 monita
865 1144 1066 1181 discipulorum
1082 1145 1281 1175 conscientiam

266 1190 433 1225 eruderant,
459 1198 529 1227 quae
550 1190 717 1227 praebentur
738 1191 878 1228 exemplo:
905 1190 964 1220 sine
991 1190 1096 1227 pudore
1121 1190 1225 1220 inuitat
1244 1192 1280 1220 ad

265 1236 458 1265 innocentiam
480 1236 527 1272 qui
547 1236 627 1265 illam
645 1244 700 1265 non
715 1236 800 1265 fuerit
813 1237 873 1274 ipse
886 1237 1018 1266 sectatus.
1041 1237 1070 1266 te
1083 1237 1156 1266 inter
1173 1238 1281 1267 secreta

265 1281 454 1318 penetralium
475 1283 555 1319 quasi
576 1282 676 1311 testem
696 1283 827 1312 metuunt
847 1282 894 1319 qui
908 1290 1020 1320 peccare
1039 1282 1207 1319 disponunt:
1228 1291 1280 1313 na-

232 1327 412 1357 uscentibus
437 1328 528 1365 culpis
548 1330 639 1357 metus
660 1329 689 1357 et
707 1329 866 1357 reuerentia
887 1330 937 1358 tua
957 1331 1042 1366 negat
1063 1329 1205 1358 effectum.
1233 1329 1280 1366 qui

265 1374 341 1403 inter
367 1374 478 1403 exordia
503 1375 609 1403 occurit
633 1374 725 1410 uitiis,
754 1376 784 1403 et
811 1375 983 1404 occasionem
1010 1375 1104 1412 lapsus
1131 1374 1232 1404 adimit
1252 1376 1281 1403 et

265 1419 507 1457 concupiscentiae
528 1420 629 1458 purgat
649 1421 799 1450 auctorem.
840 1420 908 1450 haec
928 1420 1097 1451 beatitudini
1117 1420 1181 1449 tuae
1201 1420 1280 1457 quasi

263 1465 388 1495 strictim
409 1474 459 1503 pro
473 1466 584 1504 linguae
600 1474 677 1495 meae
693 1466 932 1495 commendatione
952 1466 1085 1495 dedicaui.
1106 1467 1130 1495 si
1149 1465 1279 1503 precibus

263 1512 323 1540 tuis
349 1512 426 1540 uitae
453 1520 596 1541 successus
626 1511 773 1549 amiserit,
807 1513 951 1550 gestorum
977 1514 1090 1541 tuorum
1121 1512 1206 1549 plena
1235 1521 1279 1541 me

231 1557 400 1587 »relatione
434 1558 617 1593 consecrabo,
657 1560 690 1588 ut
722 1566 793 1596 quae
826 1559 964 1588 uniuersis
996 1559 1076 1588 nota*
1095 1558 1162 1587 sunt
1198 1566 1279 1588 man-

262 1604 337 1633 suris
361 1603 392 1633 in
417 1606 560 1641 posterum
586 1604 703 1642 litteris,
729 1606 867 1641 quatenus
891 1605 1012 1641 gaudeat
1038 1604 1115 1633 aetas
1140 1606 1278 1641 secutura,

262 1650 423 1679 seruentur.

312 1771 323 1795 1
349 1771 456 1795 euenisse
475 1772 514 1801 (eu
535 1772 563 1795 in
577 1773 636 1801 ras.)
666 1771 690 1795 V
781 1772 867 1803 premii
892 1772 972 1796 BLV
1059 1772 1121 1796 alios
1147 1772 1190 1802 1¹¹,
1215 1772 1279 1797 alius

263 1808 428 1838 ABLPVb,
452 1809 508 1834 aliis
524 1809 549 1835 R
641 1817 681 1834 ara
696 1810 734 1839 Δ,
757 1809 810 1835 aria
823 1809 850 1835 Β
941 1810 956 1834 2
978 1810 1156 1835 commendatur
1175 1810 1217 1835 Pb

263 1847 335 1878 circa]
352 1854 409 1872 cura
428 1848 451 1872 Τ
536 1848 663 1879 culpabilis
679 1848 704 1872 Β
792 1847 914 1873 districtio
936 1848 958 1872 V
971 1849 999 1873 in
1014 1856 1064 1873 rae.
1156 1849 1172 1873 3
1187 1849 1278 1880 manet]

262 1893 344 1917 munit
359 1894 420 1924 fort.
502 1887 522 1918 ‘e
537 1894 562 1918 Β
640 1894 655 1918 7
671 1894 784 1918 honorem
800 1894 825 1918 L
902 1895 1048 1926 prestantior
1063 1894 1089 1919 Β
1169 1894 1185 1919 8
1197 1894 1279 1926 ponti-

263 1930 303 1955 flci
318 1930 379 1961 fort.
477 1939 574 1957 censure
591 1933 616 1958 R
716 1932 912 1957 9‘institutionis
928 1932 970 1957 Pb
1068 1932 1111 1964 qui
1126 1932 1151 1957 L
1165 1939 1184 1957 e.
1200 1933 1217 1957 1.

263 1970 295 1994 10
315 1970 435 2001 eruditus]
457 1971 567 1995 conditus
588 1971 661 1996 Sim.
753 1971 872 1996 benificiis
891 1972 915 1996 B
1007 1971 1103 2002 plebem
1125 1971 1176 2000 Bb.
1203 1978 1278 2002 popu-

262 2008 315 2033 lum
334 2009 386 2033 rell.
481 2010 509 2033 11
530 2010 640 2034 instituis
657 2009 741 2038 Sim„
769 2010 884 2034 institues
904 2010 961 2034 libri
1053 2010 1149 2034 munita
1165 2010 1215 2035 LR

262 2047 411 2071 conscientia
427 2047 452 2072 Β
545 2047 575 2072 12
595 2048 733 2072 erudierant
754 2048 842 2073 ABT’
934 2048 1063 2079 prebeatur
1078 2048 1116 2078 Β,
1140 2048 1278 2078 probantur

262 2085 326 2109 coni.
352 2085 465 2111 samem
560 2086 590 2110 13
613 2087 701 2117 nou1fi
722 2086 759 2116 B,
783 2094 828 2111 om.
851 2087 874 2111 T
965 2087 995 2111 15
1018 2087 1131 2111 affectum
1155 2086 1213 2111 BT*

263 2123 295 2147 16
319 2123 441 2148 exordium
467 2124 491 2148 Β
589 2124 683 2156 lapsum
707 2124 732 2150 Β
829 2125 921 2150 adimet
943 2125 968 2149 Β
1069 2124 1099 2149 17
1124 2126 1220 2149 auctore
1245 2124 1278 2154 L,

262 2163 367 2186 actorem
391 2163 414 2186 Τ
503 2162 654 2187 beatitudine
675 2163 700 2188 L
792 2164 823 2188 18
842 2164 949 2188 strictim
965 2163 1009 2194 (im
1025 2164 1055 2188 in
1070 2165 1131 2192 rae.)
1150 2163 1182 2192 T,
1207 2163 1278 2187 stric-

261 2202 315 2224 tam
331 2200 355 2224 L
447 2201 479 2225 20
498 2201 645 2225 reuelatione
661 2201 687 2227 Β
778 2201 919 2226 consecr-ebo
937 2202 972 2226 B·
1066 2203 1137 2225 nota·
1157 2201 1193 2231 B,
1217 2202 1278 2225 nata

261 2239 284 2262 A
390 2239 419 2263 21
445 2240 560 2270 quatinus
585 2239 686 2265 LRTV
786 2241 853 2265 actae
876 2240 902 2265 R
1009 2240 1039 2264 22
1063 2240 1196 2271 seruentur]
1221 2239 1279 2264 fluit

1136 2393 1185 2418 28⁸
