1532 3123
243 588 301 621 574
562 590 667 621 mgni
682 590 799 614 Felici·
814 589 931 614 Eunoni

712 679 789 710 LIII.

647 750 668 774 A
684 750 704 773 L
720 749 733 774 1
749 749 769 773 Τ
784 749 804 773 Ε
820 748 849 775 Β.

320 805 405 842 Exige
426 806 579 840 mendaces.
599 804 765 842 populorum
784 804 925 838 uxorcula,
948 803 1058 838 barbas,

357 851 401 880 Ne
421 851 549 880 minuant
570 853 716 887 quaestum
737 850 861 879 mascula
879 849 960 879 labra
980 851 1068 878 tunm.

700 963 790 994 LIIII.

644 1033 847 1058 ALITER.

318 1089 436 1126 Respice
457 1089 619 1126 portentum
638 1088 774 1125 permixto
795 1088 855 1116 iure
875 1087 1009 1121 creatum,

318 1134 480 1164 eommunis
498 1134 617 1172 generis,
637 1134 725 1164 satius
746 1134 795 1163 sed
815 1133 919 1162 dicitur
939 1133 1036 1162 omnis.

715 1247 773 1276 LV.

643 1315 846 1340 ALI'I'ER.

318 1370 403 1399 Ludit.
423 1371 451 1400 in
472 1370 587 1407 ancipiti
608 1371 737 1399 constans
758 1370 870 1399 fallacia
888 1378 967 1399 sexu:

314 1417 477 1446 Femineum
497 1417 617 1454 patitur:
638 1416 745 1454 peragit
765 1424 828 1446 cum
848 1415 950 1454 turpia,
971 1423 1032 1445 mas
1051 1416 1103 1444 est.

706 1530 779 1560 LVI.

476 1600 512 1624 IN
528 1598 742 1625 BAPHSTERIO
757 1598 1010 1624 MEDIOLANENSI.

313 1653 445 1683 Mundior
465 1654 570 1683 excocti
590 1654 729 1691 fulgescat
748 1653 811 1683 luce
831 1653 941 1682 metalli

350 1699 467 1729 Munera
486 1699 610 1737 disponit
628 1700 676 1737 qui
697 1700 762 1729 dare
782 1700 868 1737 digna
891 1700 951 1729 deo.

311 1746 386 1774 Ante
407 1746 549 1783 uaporatis
568 1745 701 1775 Laurenti
721 1745 782 1775 uita
802 1745 920 1775 caminis

350 1790 491 1828 Constitit,
511 1793 543 1820 ut
563 1791 696 1833 blandum
718 1791 881 1820 nobilitaret
901 1799 991 1828 opus.-

254 1837 273 1866 5
312 1837 454 1866 Marmora
473 1837 596 1874 picturas
617 1837 731 1867 tabulas
750 1837 869 1867 sublime
889 1837 1003 1866 lacunar

350 1882 411 1919 Ipse
433 1882 509 1912 dedit
530 1883 635 1921 templo
656 1884 703 1921 qui
723 1883 863 1921 probitate
885 1884 964 1912 nitet.

311 1928 436 1958 Aedibus
456 1930 490 1958 ad
510 1930 633 1966 pretium
652 1931 693 1959 sio
712 1938 802 1960 mores
824 1930 951 1959 conditor
971 1928 1058 1965 addit,

349 1974 461 2004 Vellera
481 1984 532 2005 ceu
551 1975 647 2005 Serum
668 1976 774 2006 murice
794 1976 885 2006 tincta
904 1975 985 2010 feras,

311 2020 439 2056 Qualiter
458 2021 581 2051 inclusas
601 2023 687 2051 comit
707 2022 754 2051 lux
776 2021 886 2059 hospita
905 2029 1038 2060 gemmae,

236 2065 274 2094 10
351 2066 406 2096 Nix
426 2067 527 2104 lapidis
548 2069 673 2105 quotiens
692 2068 816 2105 pulcrior
836 2072 897 2097 arte
916 2068 1007 2097 rubet.

281 2192 347 2218 Lm.
371 2194 387 2218 2
407 2196 516 2225 questum
537 2195 663 2221 BELPV
752 2196 800 2221 LV.
825 2198 839 2221 1
860 2196 935 2221 hudit
956 2196 981 2221 B
1073 2196 1088 2221 2
1110 2196 1242 2220 femineum

234 2239 260 2268 b,
285 2239 426 2265 seminecum
447 2241 484 2271 Β,
510 2241 654 2267 feminaeum
673 2243 750 2268 ELV
766 2246 789 2268 et
810 2244 882 2268 Sim.
976 2243 1037 2268 LVI.
1062 2242 1185 2267 VERSVS
1205 2242 1243 2267 IN

234 2286 277 2311 Bb
353 2287 598 2314 MEDIOLANENSI
613 2289 734 2316 moros
750 2290 793 2315 Bb
870 2292 886 2316 2
895 2291 947 2323 qui]
959 2292 1053 2317 siconi.
1065 2291 1181 2316 Schema

232 2332 249 2357 5
263 2333 367 2364 pictores
382 2334 407 2359 Β
