1532 3123
1079 621 1214 642 LXXXVII

200 693 257 722 suis
279 693 490 723 collectionibus
506 694 656 723 uberrimis
672 703 715 723 me
729 695 772 724 uti
785 703 883 732 passus
896 697 947 732 est,
968 695 1091 734 collegae
1106 696 1213 733 optimo

201 741 230 768 et
261 739 421 769 doctissimo
454 740 580 770 Carolo
611 740 782 776 Schenkl,
812 741 859 778 qui
886 744 1031 779 praeterea
1058 743 1213 771 carminum

201 785 424 815 emendationem
455 787 566 816 strenue
597 787 721 822 adiuuit,
751 787 900 817 Iohanni
929 788 1082 817 Huemer
1107 787 1213 817 Sedulii

199 831 295 861 futuro
315 832 415 861 editori
434 832 575 869 permulta
594 842 639 862 me
657 833 757 862 debere
777 833 897 862 libenter
917 834 1048 871 grateque
1069 833 1213 863 fatendum

200 879 252 907 est.
286 878 403 915 denique
431 880 459 907 et
486 878 647 907 ministeriis
667 879 789 916 publicis
821 879 1106 917 bibliothecarnmque
1132 887 1213 916 prae-

199 923 326 958 sidibus,
360 932 476 961 quorum
510 924 680 954 liberalitate
714 925 840 954 codicum
873 926 1102 954 excutiendorum
1135 926 1213 962 copia

199 969 275 999 facta
294 971 338 999 est
357 971 387 999 et
406 970 474 999 uiris
495 971 676 1006 doctissimis,
699 972 731 999 A.
753 970 828 1009 Ine,
854 971 887 1000 G.
909 972 1038 1004 Loewe,
1063 972 1099 1000 A.
1120 971 1213 1005 Mau,

200 1015 236 1045 G.
265 1016 398 1054 Meyer,
425 1017 460 1047 G.
489 1017 672 1055 Meyncke,
704 1016 746 1045 W.
777 1017 898 1051 Nolte,
929 1017 966 1045 H.
995 1016 1212 1054 Sedlmayer,

200 1062 236 1090 V.
266 1062 452 1098 Thumser‚
484 1062 535 1092 Fr.
565 1063 688 1100 Vogel,
719 1071 836 1100 quorum
866 1071 948 1099 opera
973 1063 1002 1091 in
1029 1062 1214 1099 conquirenda

201 1109 322 1138 materia
340 1116 407 1137 usus
426 1117 497 1142 sum,
519 1108 655 1137 maximas
675 1109 781 1145 gratius
802 1117 863 1145 ago.
896 1109 946 1138 Fr.
968 1108 1094 1146 Vogel,
1116 1109 1163 1145 qui
1183 1108 1213 1137 in

200 1155 392 1185 Monumentis
420 1154 587 1184 Germaniae
611 1155 770 1184 Ennodium
790 1155 916 1184 editurus
937 1155 988 1191 est,
1009 1163 1121 1183 summa
1140 1154 1214 1183 libe-

200 1201 313 1231 ralitate
332 1210 396 1231 suas
416 1202 452 1231 de
471 1202 611 1231 codicibus
632 1202 838 1231 obseruationes
866 1210 975 1231 mecum
996 1200 1214 1230 communicauit

200 1256 331 1285 meosque
363 1248 468 1277 indices
502 1247 662 1277 utilissimis
697 1248 895 1276 additamentis
928 1248 1013 1276 auxit.
1051 1247 1073 1276 Ι.
1102 1246 1212 1276 Zech-

200 1294 346 1324 meister
366 1294 488 1332 optimae
507 1293 567 1331 spei
587 1293 681 1322 iuueni
702 1296 880 1330 praematura
893 1293 971 1323 nobis
985 1294 1074 1322 morte
1087 1293 1213 1330 abrepto,

200 1341 250 1378 qui
271 1341 338 1370 dum
358 1342 423 1370 ante
453 1340 503 1369 hos
532 1340 602 1368 duos
632 1348 718 1369 annos
749 1339 778 1368 in
802 1339 887 1368 ltalia
911 1340 1049 1373 uersatur,
1082 1338 1213 1376 quicquid

201 1386 329 1416 Ennodio
354 1386 484 1424 prodesse
510 1387 620 1422 poterat
646 1386 825 1423 congerebat,
852 1393 923 1422 quae
948 1384 1085 1414 debentur
1109 1384 1214 1422 gratias

199 1434 314 1463 reddere
334 1441 389 1462 non
409 1433 468 1462 sine
488 1432 606 1461 maximo
627 1432 714 1461 animi
734 1431 827 1461 dolore
847 1431 903 1460 iam
925 1438 1037 1468 nequeo.

241 1494 422 1524 Vindobonae
442 1503 480 1522 m.
500 1492 602 1522 Martio
622 1501 646 1522 a.
670 1493 751 1522 1882.

868 1591 1026 1622 Guilelmus
1054 1590 1165 1622 Hartel.
