<?xml version="1.0" encoding="UTF-8"?>
<!DOCTYPE html PUBLIC "-//W3C//DTD XHTML 1.0 Transitional//EN"
    "http://www.w3.org/TR/xhtml1/DTD/xhtml1-transitional.dtd">
<html xmlns="http://www.w3.org/1999/xhtml" xml:lang="en" lang="en">
 <head>
  <title>
</title>
<meta http-equiv="Content-Type" content="text/html;charset=utf-8" />
  <meta name='ocr-system' content='tesseract 3.04.00' />
  <meta name='ocr-capabilities' content='ocr_page ocr_carea ocr_par ocr_line ocrx_word'/>
</head>
<body>
  <div class='ocr_page' id='page_1' title='image "./magnifelicisenn00ennogoog_0303.png"; bbox 0 0 1532 3123; ppageno 0'>
   <div class='ocr_carea' id='block_1_1' title="bbox 526 915 980 955">
    <p class='ocr_par' dir='ltr' id='par_1_1' title="bbox 526 915 980 955">
     <span class='ocr_line' id='line_1_1' title="bbox 526 915 980 955; baseline -0.002 -2"><span class='ocrx_word' id='word_1_1' title='bbox 526 916 700 954; x_wconf 87' lang='lat' dir='ltr'><strong>LIBER</strong></span> <span class='ocrx_word' id='word_1_2' title='bbox 729 915 980 955; x_wconf 79' lang='lat' dir='ltr'>OCTAVVS.</span> 
     </span>
    </p>
   </div>
   <div class='ocr_carea' id='block_1_2' title="bbox 600 1017 906 1110">
    <p class='ocr_par' dir='ltr' id='par_1_2' title="bbox 600 1017 906 1110">
     <span class='ocr_line' id='line_1_2' title="bbox 742 1017 766 1046; baseline 0.042 -1"><span class='ocrx_word' id='word_1_3' title='bbox 742 1017 766 1046; x_wconf 90' lang='grc' dir='ltr'><strong>Ι.</strong></span> 
     </span>
     <span class='ocr_line' id='line_1_3' title="bbox 600 1083 906 1110; baseline 0.003 -2"><span class='ocrx_word' id='word_1_4' title='bbox 600 1083 716 1109; x_wconf 81' lang='grc' dir='ltr'>ΒΟΕΤῙΟ</span> <span class='ocrx_word' id='word_1_5' title='bbox 732 1083 906 1110; x_wconf 74' lang='lat' dir='ltr'>ENNODIVS.</span> 
     </span>
    </p>
   </div>
   <div class='ocr_carea' id='block_1_3' title="bbox 232 1136 1256 2046">
    <p class='ocr_par' dir='ltr' id='par_1_3' title="bbox 232 1136 1256 2046">
     <span class='ocr_line' id='line_1_4' title="bbox 289 1136 1254 1176; baseline 0.003 -10"><span class='ocrx_word' id='word_1_6' title='bbox 289 1136 420 1174; x_wconf 86' lang='lat' dir='ltr'><strong>Optimae</strong></span> <span class='ocrx_word' id='word_1_7' title='bbox 447 1138 506 1175; x_wconf 89' lang='lat' dir='ltr'><strong>spei</strong></span> <span class='ocrx_word' id='word_1_8' title='bbox 534 1138 631 1176; x_wconf 85' lang='lat' dir='ltr'><strong>plenus</strong></span> <span class='ocrx_word' id='word_1_9' title='bbox 657 1139 702 1167; x_wconf 87' lang='lat' dir='ltr'><strong>cui</strong></span> <span class='ocrx_word' id='word_1_10' title='bbox 731 1139 856 1168; x_wconf 86' lang='lat' dir='ltr'><strong>faustum</strong></span> <span class='ocrx_word' id='word_1_11' title='bbox 886 1139 968 1176; x_wconf 88' lang='lat' dir='ltr'><strong>cupio</strong></span> <span class='ocrx_word' id='word_1_12' title='bbox 992 1140 1027 1169; x_wconf 88' lang='lat' dir='ltr'><strong>ad</strong></span> <span class='ocrx_word' id='word_1_13' title='bbox 1048 1148 1143 1169; x_wconf 87' lang='lat' dir='ltr'><strong>curam</strong></span> <span class='ocrx_word' id='word_1_14' title='bbox 1169 1140 1254 1170; x_wconf 83' lang='lat' dir='ltr'><strong>officii</strong></span> 
     </span>
     <span class='ocr_line' id='line_1_5' title="bbox 257 1183 1254 1223; baseline 0.003 -11"><span class='ocrx_word' id='word_1_15' title='bbox 257 1183 412 1220; x_wconf 72' lang='lat' dir='ltr'>epistularis</span> <span class='ocrx_word' id='word_1_16' title='bbox 426 1183 545 1221; x_wconf 87' lang='lat' dir='ltr'><strong>adspiro.</strong></span> <span class='ocrx_word' id='word_1_17' title='bbox 574 1184 654 1213; x_wconf 85' lang='lat' dir='ltr'><strong>decet</strong></span> <span class='ocrx_word' id='word_1_18' title='bbox 673 1184 748 1213; x_wconf 88' lang='lat' dir='ltr'><strong>enim</strong></span> <span class='ocrx_word' id='word_1_19' title='bbox 760 1184 863 1213; x_wconf 84' lang='lat' dir='ltr'><strong>uestris</strong></span> <span class='ocrx_word' id='word_1_20' title='bbox 878 1184 1001 1214; x_wconf 77' lang='lat' dir='ltr'><strong>fascibus</strong></span> <span class='ocrx_word' id='word_1_21' title='bbox 1014 1184 1068 1214; x_wconf 84' lang='lat' dir='ltr'><strong>hac</strong></span> <span class='ocrx_word' id='word_1_22' title='bbox 1081 1185 1254 1223; x_wconf 74' lang='lat' dir='ltr'><strong>praefatione</strong></span> 
     </span>
     <span class='ocr_line' id='line_1_6' title="bbox 242 1228 1255 1269; baseline 0.005 -13"><span class='ocrx_word' id='word_1_23' title='bbox 242 1228 369 1257; x_wconf 54' lang='lat' dir='ltr'><strong>‚delibari</strong></span> <span class='ocrx_word' id='word_1_24' title='bbox 395 1230 424 1257; x_wconf 93' lang='lat' dir='ltr'><strong>et</strong></span> <span class='ocrx_word' id='word_1_25' title='bbox 448 1229 521 1258; x_wconf 87' lang='lat' dir='ltr'><strong>inter</strong></span> <span class='ocrx_word' id='word_1_26' title='bbox 545 1238 683 1267; x_wconf 85' lang='lat' dir='ltr'><strong>purpuras</strong></span> <span class='ocrx_word' id='word_1_27' title='bbox 706 1231 871 1268; x_wconf 80' lang='lat' dir='ltr'>possessoris</span> <span class='ocrx_word' id='word_1_28' title='bbox 895 1230 956 1259; x_wconf 85' lang='lat' dir='ltr'><strong>luce</strong></span> <span class='ocrx_word' id='word_1_29' title='bbox 982 1233 1136 1261; x_wconf 77' lang='lat' dir='ltr'><strong>crescentes</strong></span> <span class='ocrx_word' id='word_1_30' title='bbox 1163 1232 1255 1269; x_wconf 87' lang='lat' dir='ltr'><strong>quali-</strong></span> 
     </span>
     <span class='ocr_line' id='line_1_7' title="bbox 256 1275 1254 1313; baseline 0.004 -10"><span class='ocrx_word' id='word_1_31' title='bbox 256 1282 369 1311; x_wconf 82' lang='lat' dir='ltr'><strong>cumque</strong></span> <span class='ocrx_word' id='word_1_32' title='bbox 398 1283 453 1304; x_wconf 86' lang='lat' dir='ltr'><strong>non</strong></span> <span class='ocrx_word' id='word_1_33' title='bbox 482 1275 623 1305; x_wconf 88' lang='lat' dir='ltr'><strong>abstinere</strong></span> <span class='ocrx_word' id='word_1_34' title='bbox 654 1275 806 1313; x_wconf 88' lang='lat' dir='ltr'><strong>conloquio.</strong></span> <span class='ocrx_word' id='word_1_35' title='bbox 840 1277 973 1313; x_wconf 89' lang='lat' dir='ltr'><strong>numquid</strong></span> <span class='ocrx_word' id='word_1_36' title='bbox 1002 1276 1087 1305; x_wconf 82' lang='lat' dir='ltr'><strong>solius</strong></span> <span class='ocrx_word' id='word_1_37' title='bbox 1113 1277 1254 1307; x_wconf 84' lang='lat' dir='ltr'><strong>doctrinae</strong></span> 
     </span>
     <span class='ocr_line' id='line_1_8' title="bbox 255 1320 1254 1360; baseline 0.004 -11"><span class='ocrx_word' id='word_1_38' title='bbox 255 1320 393 1349; x_wconf 84' lang='lat' dir='ltr'><strong>beneficiis</strong></span> <span class='ocrx_word' id='word_1_39' title='bbox 415 1329 492 1350; x_wconf 90' lang='lat' dir='ltr'><strong>amor</strong></span> <span class='ocrx_word' id='word_1_40' title='bbox 511 1322 669 1359; x_wconf 74' lang='lat' dir='ltr'><strong>agnoscitur</strong></span> <span class='ocrx_word' id='word_1_41' title='bbox 682 1330 733 1351; x_wconf 91' lang='lat' dir='ltr'><strong>nec</strong></span> <span class='ocrx_word' id='word_1_42' title='bbox 753 1321 796 1351; x_wconf 85' lang='lat' dir='ltr'><strong>fas</strong></span> <span class='ocrx_word' id='word_1_43' title='bbox 817 1330 875 1350; x_wconf 88' lang='lat' dir='ltr'><strong>esse</strong></span> <span class='ocrx_word' id='word_1_44' title='bbox 895 1322 1063 1351; x_wconf 84' lang='lat' dir='ltr'><strong>credendum</strong></span> <span class='ocrx_word' id='word_1_45' title='bbox 1083 1324 1125 1351; x_wconf 89' lang='lat' dir='ltr'><strong>est</strong></span> <span class='ocrx_word' id='word_1_46' title='bbox 1144 1324 1254 1360; x_wconf 87' lang='lat' dir='ltr'><strong>prodire</strong></span> 
     </span>
     <span class='ocr_line' id='line_1_9' title="bbox 255 1366 1256 1405; baseline 0.003 -10"><span class='ocrx_word' id='word_1_47' title='bbox 255 1367 278 1395; x_wconf 88' lang='lat' dir='ltr'><strong>in</strong></span> <span class='ocrx_word' id='word_1_48' title='bbox 298 1367 424 1396; x_wconf 89' lang='lat' dir='ltr'><strong>medium</strong></span> <span class='ocrx_word' id='word_1_49' title='bbox 445 1367 580 1397; x_wconf 83' lang='lat' dir='ltr'><strong>desideria</strong></span> <span class='ocrx_word' id='word_1_50' title='bbox 603 1366 786 1396; x_wconf 78' lang='lat' dir='ltr'><strong>rusticantis?</strong></span> <span class='ocrx_word' id='word_1_51' title='bbox 814 1367 968 1405; x_wconf 79' lang='lat' dir='ltr'><strong>simplicius</strong></span> <span class='ocrx_word' id='word_1_52' title='bbox 993 1369 1169 1397; x_wconf 85' lang='lat' dir='ltr'><strong>innotescunt</strong></span> <span class='ocrx_word' id='word_1_53' title='bbox 1188 1371 1256 1398; x_wconf 89' lang='lat' dir='ltr'><strong>uota</strong></span> 
     </span>
     <span class='ocr_line' id='line_1_10' title="bbox 254 1412 1252 1451; baseline 0.003 -10"><span class='ocrx_word' id='word_1_54' title='bbox 254 1412 326 1441; x_wconf 86' lang='lat' dir='ltr'><strong>nullo</strong></span> <span class='ocrx_word' id='word_1_55' title='bbox 348 1413 466 1449; x_wconf 72' lang='lat' dir='ltr'><strong>peritiae</strong></span> <span class='ocrx_word' id='word_1_56' title='bbox 485 1413 578 1442; x_wconf 86' lang='lat' dir='ltr'><strong>uelata</strong></span> <span class='ocrx_word' id='word_1_57' title='bbox 597 1413 757 1451; x_wconf 84' lang='lat' dir='ltr'><strong>praestigio.</strong></span> <span class='ocrx_word' id='word_1_58' title='bbox 779 1421 844 1450; x_wconf 85' lang='lat' dir='ltr'><strong>ergo</strong></span> <span class='ocrx_word' id='word_1_59' title='bbox 863 1421 913 1443; x_wconf 91' lang='lat' dir='ltr'><strong>nos</strong></span> <span class='ocrx_word' id='word_1_60' title='bbox 928 1413 980 1442; x_wconf 89' lang='lat' dir='ltr'><strong>hoc</strong></span> <span class='ocrx_word' id='word_1_61' title='bbox 998 1422 1093 1443; x_wconf 88' lang='lat' dir='ltr'><strong>sumus</strong></span> <span class='ocrx_word' id='word_1_62' title='bbox 1113 1423 1159 1443; x_wconf 88' lang='lat' dir='ltr'><strong>ore</strong></span> <span class='ocrx_word' id='word_1_63' title='bbox 1179 1415 1252 1451; x_wconf 84' lang='lat' dir='ltr'><strong>quod</strong></span> 
     </span>
     <span class='ocr_line' id='line_1_11' title="bbox 232 1459 1255 1496; baseline 0.003 -10"><span class='ocrx_word' id='word_1_64' title='bbox 232 1460 376 1495; x_wconf 78' lang='lat' dir='ltr'><strong>wpectore:</strong></span> <span class='ocrx_word' id='word_1_65' title='bbox 396 1467 450 1487; x_wconf 90' lang='lat' dir='ltr'><strong>non</strong></span> <span class='ocrx_word' id='word_1_66' title='bbox 469 1467 564 1488; x_wconf 83' lang='lat' dir='ltr'><strong>amara</strong></span> <span class='ocrx_word' id='word_1_67' title='bbox 582 1459 802 1496; x_wconf 75' lang='lat' dir='ltr'><strong>praecordiorum</strong></span> <span class='ocrx_word' id='word_1_68' title='bbox 819 1459 968 1488; x_wconf 84' lang='lat' dir='ltr'><strong>delenificis</strong></span> <span class='ocrx_word' id='word_1_69' title='bbox 982 1467 1127 1496; x_wconf 88' lang='lat' dir='ltr'><strong>possumus</strong></span> <span class='ocrx_word' id='word_1_70' title='bbox 1146 1462 1255 1490; x_wconf 86' lang='lat' dir='ltr'><strong>mutare</strong></span> 
     </span>
     <span class='ocr_line' id='line_1_12' title="bbox 254 1504 1254 1541; baseline 0.002 -8"><span class='ocrx_word' id='word_1_71' title='bbox 254 1504 439 1534; x_wconf 76' lang='lat' dir='ltr'><strong>sermonibus:</strong></span> <span class='ocrx_word' id='word_1_72' title='bbox 458 1505 563 1541; x_wconf 86' lang='lat' dir='ltr'><strong>pudens</strong></span> <span class='ocrx_word' id='word_1_73' title='bbox 584 1504 710 1534; x_wconf 86' lang='lat' dir='ltr'><strong>laudator</strong></span> <span class='ocrx_word' id='word_1_74' title='bbox 736 1506 778 1534; x_wconf 89' lang='lat' dir='ltr'><strong>est</strong></span> <span class='ocrx_word' id='word_1_75' title='bbox 798 1504 842 1534; x_wconf 86' lang='lat' dir='ltr'><strong>cui</strong></span> <span class='ocrx_word' id='word_1_76' title='bbox 862 1506 890 1534; x_wconf 91' lang='lat' dir='ltr'><strong>in</strong></span> <span class='ocrx_word' id='word_1_77' title='bbox 911 1505 1119 1535; x_wconf 70' lang='lat' dir='ltr'><strong>concinnatione</strong></span> <span class='ocrx_word' id='word_1_78' title='bbox 1145 1506 1254 1536; x_wconf 86' lang='lat' dir='ltr'><strong>blandi-</strong></span> 
     </span>
     <span class='ocr_line' id='line_1_13' title="bbox 254 1550 1253 1589; baseline 0.002 -10"><span class='ocrx_word' id='word_1_79' title='bbox 254 1550 336 1579; x_wconf 84' lang='lat' dir='ltr'><strong>menti</strong></span> <span class='ocrx_word' id='word_1_80' title='bbox 363 1550 481 1580; x_wconf 85' lang='lat' dir='ltr'><strong>dicenda</strong></span> <span class='ocrx_word' id='word_1_81' title='bbox 505 1559 583 1579; x_wconf 89' lang='lat' dir='ltr'><strong>mens</strong></span> <span class='ocrx_word' id='word_1_82' title='bbox 609 1552 741 1588; x_wconf 83' lang='lat' dir='ltr'><strong>suggerit.</strong></span> <span class='ocrx_word' id='word_1_83' title='bbox 775 1551 825 1580; x_wconf 85' lang='lat' dir='ltr'><strong>deo</strong></span> <span class='ocrx_word' id='word_1_84' title='bbox 849 1559 914 1588; x_wconf 82' lang='lat' dir='ltr'><strong>ergo</strong></span> <span class='ocrx_word' id='word_1_85' title='bbox 934 1552 1118 1588; x_wconf 84' lang='lat' dir='ltr'><strong>omnipotenti</strong></span> <span class='ocrx_word' id='word_1_86' title='bbox 1137 1553 1253 1589; x_wconf 79' lang='lat' dir='ltr'><strong>gratias,</strong></span> 
     </span>
     <span class='ocr_line' id='line_1_14' title="bbox 254 1595 1255 1633; baseline 0.002 -8"><span class='ocrx_word' id='word_1_87' title='bbox 254 1596 298 1633; x_wconf 82' lang='lat' dir='ltr'><strong>qui</strong></span> <span class='ocrx_word' id='word_1_88' title='bbox 317 1595 346 1625; x_wconf 86' lang='lat' dir='ltr'><strong>in</strong></span> <span class='ocrx_word' id='word_1_89' title='bbox 369 1596 454 1630; x_wconf 87' lang='lat' dir='ltr'><strong>uobis,</strong></span> <span class='ocrx_word' id='word_1_90' title='bbox 476 1596 542 1625; x_wconf 85' lang='lat' dir='ltr'><strong>dum</strong></span> <span class='ocrx_word' id='word_1_91' title='bbox 564 1596 658 1625; x_wconf 82' lang='lat' dir='ltr'><strong>uetera</strong></span> <span class='ocrx_word' id='word_1_92' title='bbox 677 1596 800 1626; x_wconf 78' lang='lat' dir='ltr'><strong>familiae</strong></span> <span class='ocrx_word' id='word_1_93' title='bbox 820 1597 928 1626; x_wconf 85' lang='lat' dir='ltr'><strong>uestrae</strong></span> <span class='ocrx_word' id='word_1_94' title='bbox 948 1598 1020 1627; x_wconf 89' lang='lat' dir='ltr'><strong>bona</strong></span> <span class='ocrx_word' id='word_1_95' title='bbox 1033 1598 1162 1633; x_wconf 85' lang='lat' dir='ltr'><strong>custodit,</strong></span> <span class='ocrx_word' id='word_1_96' title='bbox 1182 1606 1255 1627; x_wconf 86' lang='lat' dir='ltr'><strong>noua</strong></span> 
     </span>
     <span class='ocr_line' id='line_1_15' title="bbox 255 1641 1254 1680; baseline 0.003 -10"><span class='ocrx_word' id='word_1_97' title='bbox 255 1641 423 1678; x_wconf 86' lang='lat' dir='ltr'><strong>multiplicat</strong></span> <span class='ocrx_word' id='word_1_98' title='bbox 436 1643 472 1677; x_wconf 82' lang='lat' dir='ltr'><strong>et,</strong></span> <span class='ocrx_word' id='word_1_99' title='bbox 489 1642 562 1679; x_wconf 86' lang='lat' dir='ltr'><strong>quod</strong></span> <span class='ocrx_word' id='word_1_100' title='bbox 581 1643 645 1679; x_wconf 88' lang='lat' dir='ltr'><strong>plus</strong></span> <span class='ocrx_word' id='word_1_101' title='bbox 660 1644 704 1671; x_wconf 89' lang='lat' dir='ltr'><strong>est</strong></span> <span class='ocrx_word' id='word_1_102' title='bbox 717 1642 794 1678; x_wconf 82' lang='lat' dir='ltr'><strong>apice</strong></span> <span class='ocrx_word' id='word_1_103' title='bbox 814 1642 970 1680; x_wconf 78' lang='lat' dir='ltr'><strong>dignitatis,</strong></span> <span class='ocrx_word' id='word_1_104' title='bbox 991 1643 1089 1680; x_wconf 85' lang='lat' dir='ltr'><strong>dignos</strong></span> <span class='ocrx_word' id='word_1_105' title='bbox 1110 1643 1177 1673; x_wconf 83' lang='lat' dir='ltr'><strong>facit</strong></span> <span class='ocrx_word' id='word_1_106' title='bbox 1196 1652 1254 1673; x_wconf 89' lang='lat' dir='ltr'><strong>esse</strong></span> 
     </span>
     <span class='ocr_line' id='line_1_16' title="bbox 233 1687 1252 1726; baseline 0.003 -11"><span class='ocrx_word' id='word_1_107' title='bbox 233 1687 427 1716; x_wconf 70' lang='lat' dir='ltr'><strong>uoulminibus.</strong></span> <span class='ocrx_word' id='word_1_108' title='bbox 461 1688 587 1717; x_wconf 86' lang='lat' dir='ltr'><strong>redditur</strong></span> <span class='ocrx_word' id='word_1_109' title='bbox 611 1688 722 1724; x_wconf 87' lang='lat' dir='ltr'><strong>quidem</strong></span> <span class='ocrx_word' id='word_1_110' title='bbox 749 1688 859 1717; x_wconf 83' lang='lat' dir='ltr'><strong>uestrae</strong></span> <span class='ocrx_word' id='word_1_111' title='bbox 879 1688 968 1726; x_wconf 84' lang='lat' dir='ltr'><strong>gloria</strong></span> <span class='ocrx_word' id='word_1_112' title='bbox 986 1689 1043 1718; x_wconf 81' lang='lat' dir='ltr'><strong>ista</strong></span> <span class='ocrx_word' id='word_1_113' title='bbox 1062 1690 1175 1726; x_wconf 85' lang='lat' dir='ltr'><strong>origini,</strong></span> <span class='ocrx_word' id='word_1_114' title='bbox 1194 1690 1252 1724; x_wconf 88' lang='lat' dir='ltr'><strong>sed,</strong></span> 
     </span>
     <span class='ocr_line' id='line_1_17' title="bbox 258 1733 1254 1771; baseline 0.002 -9"><span class='ocrx_word' id='word_1_115' title='bbox 258 1734 323 1770; x_wconf 87' lang='lat' dir='ltr'><strong>quod</strong></span> <span class='ocrx_word' id='word_1_116' title='bbox 343 1735 387 1762; x_wconf 83' lang='lat' dir='ltr'><strong>est</strong></span> <span class='ocrx_word' id='word_1_117' title='bbox 408 1733 526 1769; x_wconf 83' lang='lat' dir='ltr'><strong>clarius,</strong></span> <span class='ocrx_word' id='word_1_118' title='bbox 546 1734 646 1763; x_wconf 87' lang='lat' dir='ltr'><strong>merito</strong></span> <span class='ocrx_word' id='word_1_119' title='bbox 667 1734 825 1771; x_wconf 80' lang='lat' dir='ltr'><strong>inpetrante</strong></span> <span class='ocrx_word' id='word_1_120' title='bbox 850 1743 989 1771; x_wconf 85' lang='lat' dir='ltr'><strong>personae.</strong></span> <span class='ocrx_word' id='word_1_121' title='bbox 1024 1734 1109 1764; x_wconf 84' lang='lat' dir='ltr'><strong>fuerit</strong></span> <span class='ocrx_word' id='word_1_122' title='bbox 1128 1735 1157 1764; x_wconf 90' lang='lat' dir='ltr'><strong>in</strong></span> <span class='ocrx_word' id='word_1_123' title='bbox 1177 1743 1254 1764; x_wconf 87' lang='lat' dir='ltr'><strong>more</strong></span> 
     </span>
     <span class='ocr_line' id='line_1_18' title="bbox 258 1779 1254 1817; baseline 0.001 -10"><span class='ocrx_word' id='word_1_124' title='bbox 258 1779 391 1808; x_wconf 86' lang='lat' dir='ltr'><strong>ueteribus</strong></span> <span class='ocrx_word' id='word_1_125' title='bbox 412 1779 551 1808; x_wconf 88' lang='lat' dir='ltr'><strong>curulium</strong></span> <span class='ocrx_word' id='word_1_126' title='bbox 572 1780 765 1808; x_wconf 83' lang='lat' dir='ltr'><strong>celsitudinem</strong></span> <span class='ocrx_word' id='word_1_127' title='bbox 786 1780 877 1817; x_wconf 80' lang='lat' dir='ltr'><strong>campi</strong></span> <span class='ocrx_word' id='word_1_128' title='bbox 897 1780 994 1809; x_wconf 86' lang='lat' dir='ltr'><strong>sudore</strong></span> <span class='ocrx_word' id='word_1_129' title='bbox 1013 1781 1131 1809; x_wconf 83' lang='lat' dir='ltr'><strong>mercari</strong></span> <span class='ocrx_word' id='word_1_130' title='bbox 1145 1781 1173 1809; x_wconf 92' lang='lat' dir='ltr'><strong>et</strong></span> <span class='ocrx_word' id='word_1_131' title='bbox 1187 1788 1254 1810; x_wconf 86' lang='lat' dir='ltr'><strong>oon-</strong></span> 
     </span>
     <span class='ocr_line' id='line_1_19' title="bbox 261 1824 1250 1863; baseline 0.001 -10"><span class='ocrx_word' id='word_1_132' title='bbox 261 1825 357 1862; x_wconf 76' lang='lat' dir='ltr'><strong>iemptu</strong></span> <span class='ocrx_word' id='word_1_133' title='bbox 385 1824 456 1854; x_wconf 89' lang='lat' dir='ltr'><strong>lucis</strong></span> <span class='ocrx_word' id='word_1_134' title='bbox 482 1824 618 1854; x_wconf 85' lang='lat' dir='ltr'><strong>honorum</strong></span> <span class='ocrx_word' id='word_1_135' title='bbox 637 1825 693 1854; x_wconf 88' lang='lat' dir='ltr'><strong>sole</strong></span> <span class='ocrx_word' id='word_1_136' title='bbox 713 1825 835 1862; x_wconf 83' lang='lat' dir='ltr'><strong>fulgere:</strong></span> <span class='ocrx_word' id='word_1_137' title='bbox 863 1825 910 1855; x_wconf 88' lang='lat' dir='ltr'><strong>sed</strong></span> <span class='ocrx_word' id='word_1_138' title='bbox 931 1826 1008 1855; x_wconf 82' lang='lat' dir='ltr'><strong>aliud</strong></span> <span class='ocrx_word' id='word_1_139' title='bbox 1028 1835 1115 1863; x_wconf 87' lang='lat' dir='ltr'><strong>genus</strong></span> <span class='ocrx_word' id='word_1_140' title='bbox 1135 1826 1250 1856; x_wconf 82' lang='lat' dir='ltr'><strong>uirtutis</strong></span> 
     </span>
     <span class='ocr_line' id='line_1_20' title="bbox 262 1871 1250 1908; baseline 0.001 -9"><span class='ocrx_word' id='word_1_141' title='bbox 262 1871 407 1907; x_wconf 84' lang='lat' dir='ltr'><strong>quaeritur,</strong></span> <span class='ocrx_word' id='word_1_142' title='bbox 441 1873 588 1908; x_wconf 85' lang='lat' dir='ltr'><strong>postquam</strong></span> <span class='ocrx_word' id='word_1_143' title='bbox 622 1871 777 1907; x_wconf 85' lang='lat' dir='ltr'><strong>praemium</strong></span> <span class='ocrx_word' id='word_1_144' title='bbox 809 1871 885 1901; x_wconf 82' lang='lat' dir='ltr'><strong>facta</strong></span> <span class='ocrx_word' id='word_1_145' title='bbox 915 1872 957 1900; x_wconf 88' lang='lat' dir='ltr'><strong>est</strong></span> <span class='ocrx_word' id='word_1_146' title='bbox 986 1872 1074 1901; x_wconf 85' lang='lat' dir='ltr'><strong>Roma</strong></span> <span class='ocrx_word' id='word_1_147' title='bbox 1103 1873 1250 1901; x_wconf 84' lang='lat' dir='ltr'><strong>uictorum.</strong></span> 
     </span>
     <span class='ocr_line' id='line_1_21' title="bbox 238 1917 1251 1953; baseline 0.001 -8"><span class='ocrx_word' id='word_1_148' title='bbox 238 1919 343 1945; x_wconf 67' lang='lat' dir='ltr'><strong>”noster</strong></span> <span class='ocrx_word' id='word_1_149' title='bbox 376 1917 541 1945; x_wconf 84' lang='lat' dir='ltr'><strong>candidatus</strong></span> <span class='ocrx_word' id='word_1_150' title='bbox 574 1918 635 1953; x_wconf 88' lang='lat' dir='ltr'><strong>post</strong></span> <span class='ocrx_word' id='word_1_151' title='bbox 668 1917 847 1947; x_wconf 80' lang='lat' dir='ltr'><strong>manifestam</strong></span> <span class='ocrx_word' id='word_1_152' title='bbox 876 1917 1094 1947; x_wconf 87' lang='lat' dir='ltr'><strong>decertationem</strong></span> <span class='ocrx_word' id='word_1_153' title='bbox 1124 1917 1251 1947; x_wconf 88' lang='lat' dir='ltr'><strong>debitum</strong></span> 
     </span>
     <span class='ocr_line' id='line_1_22' title="bbox 266 1962 1253 1999; baseline 0.001 -8"><span class='ocrx_word' id='word_1_154' title='bbox 266 1962 432 1999; x_wconf 85' lang='lat' dir='ltr'><strong>triumphum,</strong></span> <span class='ocrx_word' id='word_1_155' title='bbox 464 1963 529 1992; x_wconf 86' lang='lat' dir='ltr'><strong>dum</strong></span> <span class='ocrx_word' id='word_1_156' title='bbox 560 1970 712 1999; x_wconf 83' lang='lat' dir='ltr'><strong>numquam</strong></span> <span class='ocrx_word' id='word_1_157' title='bbox 742 1963 844 1992; x_wconf 85' lang='lat' dir='ltr'><strong>uiderit</strong></span> <span class='ocrx_word' id='word_1_158' title='bbox 873 1962 961 1997; x_wconf 86' lang='lat' dir='ltr'><strong>bella,</strong></span> <span class='ocrx_word' id='word_1_159' title='bbox 993 1964 1117 1992; x_wconf 85' lang='lat' dir='ltr'><strong>sortitur.</strong></span> <span class='ocrx_word' id='word_1_160' title='bbox 1150 1963 1253 1992; x_wconf 83' lang='lat' dir='ltr'><strong>iudicio</strong></span> 
     </span>
     <span class='ocr_line' id='line_1_23' title="bbox 268 2008 1252 2046; baseline 0.001 -9"><span class='ocrx_word' id='word_1_161' title='bbox 268 2008 336 2046; x_wconf 76' lang='lat' dir='ltr'><strong>exigit</strong></span> <span class='ocrx_word' id='word_1_162' title='bbox 354 2009 463 2038; x_wconf 86' lang='lat' dir='ltr'><strong>laureas</strong></span> <span class='ocrx_word' id='word_1_163' title='bbox 483 2009 511 2037; x_wconf 89' lang='lat' dir='ltr'><strong>et</strong></span> <span class='ocrx_word' id='word_1_164' title='bbox 525 2009 653 2046; x_wconf 84' lang='lat' dir='ltr'><strong>congredi</strong></span> <span class='ocrx_word' id='word_1_165' title='bbox 667 2017 721 2037; x_wconf 92' lang='lat' dir='ltr'><strong>non</strong></span> <span class='ocrx_word' id='word_1_166' title='bbox 737 2009 924 2038; x_wconf 84' lang='lat' dir='ltr'><strong>necessarium</strong></span> <span class='ocrx_word' id='word_1_167' title='bbox 938 2009 1017 2038; x_wconf 80' lang='lat' dir='ltr'><strong>duxit</strong></span> <span class='ocrx_word' id='word_1_168' title='bbox 1030 2009 1155 2039; x_wconf 83' lang='lat' dir='ltr'><strong>armatis.</strong></span> <span class='ocrx_word' id='word_1_169' title='bbox 1179 2010 1252 2038; x_wconf 86' lang='lat' dir='ltr'><strong>inter</strong></span> 
     </span>
    </p>
   </div>
   <div class='ocr_carea' id='block_1_4' title="bbox 304 2110 1192 2160">
    <p class='ocr_par' dir='ltr' id='par_1_4' title="bbox 304 2110 1192 2160">
     <span class='ocr_line' id='line_1_24' title="bbox 304 2110 1192 2160; baseline 0.002 -15"><span class='ocrx_word' id='word_1_170' title='bbox 304 2122 320 2145; x_wconf 88' lang='lat'><strong>1.</strong></span> <span class='ocrx_word' id='word_1_171' title='bbox 342 2123 357 2146; x_wconf 83' lang='lat'><strong>3</strong></span> <span class='ocrx_word' id='word_1_172' title='bbox 373 2123 468 2145; x_wconf 72' lang='lat' dir='ltr'><strong>sautum</strong></span> <span class='ocrx_word' id='word_1_173' title='bbox 484 2122 559 2146; x_wconf 81' lang='lat' dir='ltr'><strong>LTV</strong></span> <span class='ocrx_word' id='word_1_174' title='bbox 649 2110 721 2160; x_wconf 67' lang='lat' dir='ltr'><strong>«inpio</strong></span> <span class='ocrx_word' id='word_1_175' title='bbox 737 2123 762 2146; x_wconf 83' lang='lat' dir='ltr'><em>B</em></span> <span class='ocrx_word' id='word_1_176' title='bbox 849 2125 875 2147; x_wconf 73' lang='lat' dir='ltr'><strong>nt</strong></span> <span class='ocrx_word' id='word_1_177' title='bbox 891 2122 921 2147; x_wconf 69' lang='lat' dir='ltr'><strong>ae</strong></span> <span class='ocrx_word' id='word_1_178' title='bbox 937 2123 961 2147; x_wconf 84' lang='lat' dir='ltr'><em>L</em></span> <span class='ocrx_word' id='word_1_179' title='bbox 1046 2123 1062 2147; x_wconf 81' lang='lat'>4</span> <span class='ocrx_word' id='word_1_180' title='bbox 1076 2123 1137 2147; x_wconf 71' lang='lat' dir='ltr'><strong>dicit</strong></span> <span class='ocrx_word' id='word_1_181' title='bbox 1152 2123 1192 2147; x_wconf 81' lang='lat' dir='ltr'><strong>Bb</strong></span> 
     </span>
    </p>
   </div>
   <div class='ocr_carea' id='block_1_5' title="bbox 270 2167 1255 2351">
    <p class='ocr_par' dir='ltr' id='par_1_5' title="bbox 270 2167 1255 2275">
     <span class='ocr_line' id='line_1_25' title="bbox 270 2167 1196 2199; baseline 0.002 -9"><span class='ocrx_word' id='word_1_182' title='bbox 270 2167 391 2192; x_wconf 64' lang='lat' dir='ltr'><strong>bdelibnari</strong></span> <span class='ocrx_word' id='word_1_183' title='bbox 410 2169 432 2195; x_wconf 82' lang='lat' dir='ltr'><strong>(e</strong></span> <span class='ocrx_word' id='word_1_184' title='bbox 447 2168 488 2192; x_wconf 76' lang='lat' dir='ltr'><strong>uel</strong></span> <span class='ocrx_word' id='word_1_185' title='bbox 503 2175 528 2191; x_wconf 87' lang='lat' dir='ltr'><strong>er</strong></span> <span class='ocrx_word' id='word_1_186' title='bbox 544 2169 615 2197; x_wconf 80' lang='lat' dir='ltr'><strong>eras.)</strong></span> <span class='ocrx_word' id='word_1_187' title='bbox 632 2168 656 2192; x_wconf 88' lang='lat' dir='ltr'><strong><em>L</em></strong></span> <span class='ocrx_word' id='word_1_188' title='bbox 749 2175 864 2199; x_wconf 83' lang='lat' dir='ltr'><strong>purporas</strong></span> <span class='ocrx_word' id='word_1_189' title='bbox 880 2169 913 2192; x_wconf 68' lang='grc' dir='ltr'><strong>Β*</strong></span> <span class='ocrx_word' id='word_1_190' title='bbox 1002 2168 1155 2199; x_wconf 83' lang='lat' dir='ltr'><strong>possessionis</strong></span> <span class='ocrx_word' id='word_1_191' title='bbox 1172 2169 1196 2192; x_wconf 81' lang='grc' dir='ltr'><em>Τ</em></span> 
     </span>
     <span class='ocr_line' id='line_1_26' title="bbox 270 2206 1255 2237; baseline 0.001 -8"><span class='ocrx_word' id='word_1_192' title='bbox 270 2206 375 2229; x_wconf 76' lang='lat' dir='ltr'><strong>crescentis</strong></span> <span class='ocrx_word' id='word_1_193' title='bbox 391 2206 430 2229; x_wconf 87' lang='lat' dir='ltr'><strong>Bb</strong></span> <span class='ocrx_word' id='word_1_194' title='bbox 518 2206 546 2230; x_wconf 91' lang='lat'><strong>10</strong></span> <span class='ocrx_word' id='word_1_195' title='bbox 563 2206 618 2237; x_wconf 90' lang='lat' dir='ltr'><strong>non]</strong></span> <span class='ocrx_word' id='word_1_196' title='bbox 634 2213 676 2230; x_wconf 87' lang='lat' dir='ltr'><strong>nec</strong></span> <span class='ocrx_word' id='word_1_197' title='bbox 692 2206 765 2231; x_wconf 78' lang='lat' dir='ltr'><strong>LTV</strong></span> <span class='ocrx_word' id='word_1_198' title='bbox 847 2206 972 2231; x_wconf 81' lang='lat' dir='ltr'><strong>delinificis</strong></span> <span class='ocrx_word' id='word_1_199' title='bbox 988 2206 1028 2231; x_wconf 76' lang='lat' dir='ltr'><strong>Bb</strong></span> <span class='ocrx_word' id='word_1_200' title='bbox 1115 2207 1143 2231; x_wconf 86' lang='lat'><strong>11</strong></span> <span class='ocrx_word' id='word_1_201' title='bbox 1160 2208 1255 2231; x_wconf 83' lang='lat' dir='ltr'><strong>concin-</strong></span> 
     </span>
     <span class='ocr_line' id='line_1_27' title="bbox 270 2243 1195 2275; baseline 0.002 -8"><span class='ocrx_word' id='word_1_202' title='bbox 270 2243 347 2268; x_wconf 77' lang='lat' dir='ltr'><strong>natione</strong></span> <span class='ocrx_word' id='word_1_203' title='bbox 370 2244 394 2268; x_wconf 91' lang='lat' dir='ltr'><strong><em>B</em></strong></span> <span class='ocrx_word' id='word_1_204' title='bbox 420 2246 461 2273; x_wconf 82' lang='lat' dir='ltr'><strong>(m.</strong></span> <span class='ocrx_word' id='word_1_205' title='bbox 485 2246 542 2271; x_wconf 79' lang='lat' dir='ltr'><strong>rec.)</strong></span> <span class='ocrx_word' id='word_1_206' title='bbox 566 2245 593 2272; x_wconf 76' lang='lat' dir='ltr'><strong>b,</strong></span> <span class='ocrx_word' id='word_1_207' title='bbox 628 2246 794 2269; x_wconf 65' lang='lat' dir='ltr'><strong>concertatione</strong></span> <span class='ocrx_word' id='word_1_208' title='bbox 816 2245 852 2275; x_wconf 87' lang='lat' dir='ltr'><strong>B,</strong></span> <span class='ocrx_word' id='word_1_209' title='bbox 889 2245 1099 2275; x_wconf 76' lang='lat' dir='ltr'><strong>condempnatione</strong></span> <span class='ocrx_word' id='word_1_210' title='bbox 1123 2245 1195 2269; x_wconf 82' lang='lat' dir='ltr'><strong>LTV</strong></span> 
     </span>
    </p>

    <p class='ocr_par' dir='ltr' id='par_1_6' title="bbox 270 2281 1194 2313">
     <span class='ocr_line' id='line_1_28' title="bbox 270 2281 1194 2313; baseline 0.003 -8"><span class='ocrx_word' id='word_1_211' title='bbox 270 2281 293 2304; x_wconf 87' lang='grc'><strong>12</strong></span> <span class='ocrx_word' id='word_1_212' title='bbox 306 2282 387 2312; x_wconf 76' lang='lat' dir='ltr'><strong>sugerit</strong></span> <span class='ocrx_word' id='word_1_213' title='bbox 403 2282 439 2305; x_wconf 83' lang='lat' dir='ltr'><strong>B·</strong></span> <span class='ocrx_word' id='word_1_214' title='bbox 526 2282 619 2313; x_wconf 82' lang='lat' dir='ltr'><strong>gratias</strong></span> <span class='ocrx_word' id='word_1_215' title='bbox 636 2283 794 2313; x_wconf 83' lang='lat' dir='ltr'><strong>omnipotenti</strong></span> <span class='ocrx_word' id='word_1_216' title='bbox 810 2283 885 2308; x_wconf 84' lang='lat' dir='ltr'><strong>LTV</strong></span> <span class='ocrx_word' id='word_1_217' title='bbox 973 2284 1001 2308; x_wconf 80' lang='lat'><strong>16</strong></span> <span class='ocrx_word' id='word_1_218' title='bbox 1017 2290 1105 2308; x_wconf 86' lang='lat' dir='ltr'><strong>morem</strong></span> <span class='ocrx_word' id='word_1_219' title='bbox 1121 2283 1194 2308; x_wconf 77' lang='lat' dir='ltr'><strong>LTV</strong></span> 
     </span>
    </p>

    <p class='ocr_par' dir='ltr' id='par_1_7' title="bbox 272 2319 957 2351">
     <span class='ocr_line' id='line_1_29' title="bbox 272 2319 957 2351; baseline 0.004 -8"><span class='ocrx_word' id='word_1_220' title='bbox 272 2319 294 2342; x_wconf 80' lang='lat'><strong>18</strong></span> <span class='ocrx_word' id='word_1_221' title='bbox 306 2320 354 2350; x_wconf 79' lang='lat' dir='ltr'><strong>sole]</strong></span> <span class='ocrx_word' id='word_1_222' title='bbox 369 2320 421 2344; x_wconf 80' lang='lat' dir='ltr'><strong>lnce</strong></span> <span class='ocrx_word' id='word_1_223' title='bbox 438 2319 513 2344; x_wconf 75' lang='lat' dir='ltr'><strong>Sirm.</strong></span> <span class='ocrx_word' id='word_1_224' title='bbox 606 2320 636 2344; x_wconf 88' lang='lat'><strong>22</strong></span> <span class='ocrx_word' id='word_1_225' title='bbox 651 2321 729 2351; x_wconf 80' lang='lat' dir='ltr'><strong>exiget</strong></span> <span class='ocrx_word' id='word_1_226' title='bbox 745 2322 781 2350; x_wconf 84' lang='lat' dir='ltr'><strong>B;</strong></span> <span class='ocrx_word' id='word_1_227' title='bbox 805 2321 883 2351; x_wconf 78' lang='lat' dir='ltr'><strong>exegit</strong></span> <span class='ocrx_word' id='word_1_228' title='bbox 897 2321 957 2350; x_wconf 73' lang='lat' dir='ltr'><strong>sort.</strong></span> 
     </span>
    </p>
   </div>
  </div>
 </body>
</html>
