1532 3123
366 608 421 638 154
681 607 785 638 Magni
799 606 917 631 Felicis
932 606 1050 631 Ennodi

826 691 906 720 VIII.

698 751 862 777 ENNODIVS
886 751 1034 777 SENARIO.

403 799 537 835 Quamuis
570 807 619 836 pro
648 799 769 837 peccatis
802 799 871 828 meis
905 798 992 828 etiam
1022 798 1180 827 litterarum
1212 799 1371 827 uestrarum

364 845 468 874 solacia
493 845 695 880 subducantur,
726 853 776 882 ego
800 846 894 874 tamen
911 853 1018 874 memor
1045 844 1147 878 debiti,
1173 852 1226 881 quo
1251 852 1295 873 me
1320 852 1371 881 per

364 893 483 929 gratiam
497 891 619 920 uestram
634 890 667 920 ut
680 892 723 920 dei
738 899 875 920 memores
889 891 1042 928 obligastis,
1057 891 1177 920 scribere
1192 899 1245 919 non
1260 890 1369 926 omitto,
1389 896 1400 914 ⁵

365 944 486 974 sperans,
503 936 602 966 domne
616 935 720 972 senari,
739 938 773 966 ut
787 938 878 972 deum,
900 945 983 974 quem
998 937 1027 965 in
1041 945 1086 965 me
1100 935 1240 975 cogitasti,
1259 943 1370 972 semper

363 983 491 1012 attendas
512 984 541 1011 et
560 983 720 1019 frequenter
741 982 810 1011 mihi
836 982 996 1011 litterarum
1021 984 1180 1011 uestrarum
1205 989 1306 1011 munus
1326 981 1370 1010 in·

363 1028 478 1065 pertiae.
513 1028 624 1057 domine
644 1029 698 1064 mi,
725 1028 814 1058 saluto
834 1028 987 1065 plurimum
1008 1027 1164 1057 reuerentia
1190 1028 1322 1056 consueta
1343 1028 1370 1056 et

364 1074 480 1111 inploro,
502 1076 533 1103 ut
554 1082 603 1111 per
622 1082 716 1103 omnes
737 1074 895 1103 sanctorum
916 1073 1044 1103 basilicas
1060 1081 1109 1111 pro
1130 1073 1288 1103 adflictione
1308 1081 1371 1102 mea

368 1120 450 1149 deum
470 1127 567 1157 rogare
586 1128 640 1149 non
661 1120 777 1150 desinaS.
1379 1127 1401 1145 ¹⁰

816 1195 912 1225 VIIIl.

707 1255 871 1281 ENNODIVS
896 1256 1026 1280 FAVSTO.

403 1304 537 1340 Quamuis
558 1304 593 1333 ad
614 1303 731 1332 tutelam
751 1302 892 1341 pontificis
912 1303 1072 1332 innocentia
1091 1302 1177 1332 officii
1197 1302 1254 1332 eius
1280 1310 1371 1332 comes

363 1350 482 1378 adsistat
508 1357 558 1378 nec
584 1357 652 1386 opus
678 1348 717 1377 sit
743 1347 872 1377 humanis
898 1349 1007 1378 solaciis
1030 1349 1069 1384 ei,
1097 1348 1144 1385 qui
1166 1347 1371 1378 humanitatem

363 1394 530 1432 professione
557 1394 716 1430 superauit,
740 1394 795 1423 scit
815 1396 911 1423 tamen
931 1394 1106 1431 omnipotens
1127 1394 1194 1422 deus
1215 1402 1260 1422 me
1279 1394 1370 1423 sancti
1379 1403 1401 1422 15

365 1440 486 1478 episcopi
506 1439 649 1477 portitoris
663 1441 850 1477 praesentium
863 1440 978 1469 iussioni
993 1440 1119 1469 exactum
1135 1439 1293 1476 inpendisse
1306 1448 1371 1469 con—

352 1486 496 1523 'loquium
538 1485 586 1514 diu
612 1486 687 1515 enim
714 1485 822 1515 renisus
843 1494 919 1520 sum,
946 1494 979 1515 ne
1006 1494 1136 1523 arrogans
1162 1486 1319 1521 uideretur,
1345 1486 1369 1515 si

364 1531 492 1561 minister
512 1531 668 1560 antistitem
689 1532 718 1560 et
737 1532 811 1568 apud
831 1532 1039 1561 sanctissimam
1061 1531 1257 1561 conscientiam
1286 1533 1370 1568 potis-

363 1577 467 1606 simum
487 1576 535 1606 uix
554 1577 700 1606 mediocris
721 1577 869 1606 adsereret.
910 1577 958 1606 sed
988 1577 1112 1614 perfecta
1132 1577 1307 1606 oboedientia
1327 1578 1371 1606 est

365 1622 494 1664 quicquid
516 1631 641 1651 summus
663 1622 751 1659 exigit
770 1631 823 1652 non
844 1623 951 1660 negari.
986 1624 1015 1652 et
1035 1623 1094 1652 ideo
1116 1622 1238 1663 praelato
1260 1622 1401 1652 debitaeso

363 1668 541 1698 salutationis
562 1668 693 1705 obsequio
718 1676 829 1705 precor,
855 1670 887 1698 ut
914 1669 949 1698 ad
971 1668 1186 1698 consolationem
1207 1668 1305 1697 multis
1325 1669 1370 1698 in-

364 1713 582 1751 pugnationibus
601 1714 779 1751 praegrauati
800 1714 955 1743 subsidium
977 1714 1133 1749 conferatis,
1155 1715 1290 1751 quatenus
1311 1714 1370 1743 sin·

363 1760 470 1798 gularis
497 1759 561 1788 boni
587 1768 646 1788 rem
671 1759 802 1788 facientes
828 1767 884 1788 non
914 1760 1061 1796 patiamini
1087 1760 1250 1788 inmeritum
1276 1768 1368 1789 sacer-

365 1807 456 1834 dotem
480 1805 627 1834 diuturnae
648 1805 787 1834 subiacere
812 1806 978 1835 maestitiae.

848 1882 882 1910 X.
1378 1893 1402 1910 υ

705 1942 870 1967 ENNODIVS
894 1943 1024 1967 FAVSTO.

401 1989 487 2026 Deus,
508 1988 555 2025 qui
576 1989 710 2018 bonorum
732 1997 845 2025 operum
866 1990 958 2019 animo
973 1991 1066 2019 uestro
1087 1989 1206 2019 inseruit
1226 1989 1368 2025 affectum,

364 2035 424 2072 ipse
444 2036 642 2072 obsequentem
662 2035 717 2064 sibi
737 2036 822 2072 longa
842 2035 1034 2064 felicissimum
1048 2037 1139 2064 aetate
1160 2036 1282 2070 tueatur,
1303 2036 1369 2072 quia

409 2126 478 2150 vm.
509 2126 525 2150 5
547 2125 680 2157 obligatos
703 2126 727 2149 B
823 2125 917 2150 domine
940 2126 1007 2151 BTb
1030 2126 1050 2156 (i
1071 2126 1128 2151 add.
1149 2127 1174 2151 Β
1197 2133 1229 2150 m.
1249 2127 1308 2157 rec.)

352 2164 375 2190 4’ἵ
392 2164 506 2189 adtendas
521 2164 546 2189 L
637 2163 746 2194 impitias
763 2163 787 2188 L
877 2164 893 2188 8
908 2164 969 2189 mihi
985 2164 1061 2189 BLV

409 2209 493 2235 vnn.
525 2210 554 2234 13
570 2209 682 2234 tutonem
698 2210 723 2234 Β
802 2210 875 2234 comis
891 2210 916 2234 Β
1000 2211 1028 2235 15
1044 2218 1082 2234 me
1097 2217 1142 2235 om.
1159 2211 1203 2235 Bb
1282 2211 1312 2235 18
1327 2218 1371 2235 an-

360 2263 467 2287 testitem
478 2263 503 2287 B
594 2263 623 2287 19
634 2251 673 2300 un}
684 2263 707 2288 Τ
792 2264 824 2288 20
833 2264 913 2294 exiget
924 2264 963 2288 Bb
1051 2264 1081 2288 22
1091 2264 1257 2295 praegraums
1269 2264 1308 2289 11⁶

361 2301 475 2332 quatinus
493 2300 566 2327 LTV

407 2346 435 2371 X.
467 2347 498 2372 28
512 2349 624 2372 tumtur
639 2348 663 2372 L
