1532 3123
331 582 389 612 554
652 577 754 610 Magni
770 577 884 602 Felicis
902 575 1020 601 Ennodi

592 663 653 699 Qua
672 663 751 691 ueste
771 663 877 691 nudum
896 661 1012 695 texerat,

553 709 614 739 Hae
634 716 680 737 rex
700 708 808 737 nitebat
827 707 961 736 aetheris:

555 755 690 785 Sordente
709 762 801 792 panno
822 753 980 790 adquiritur

331 803 371 833 20
556 801 615 837 Quo
636 801 727 838 fulget
746 801 883 829 astrorum
904 799 1013 836 globus.

593 877 683 913 Quam
703 877 777 906 iusta
797 875 996 905 commutatio!

556 925 670 952 ‚istrum
691 922 816 959 rependit
836 922 964 959 indigens

554 969 591 998 Et
611 977 695 1006 regna
715 968 858 998 mendicus
879 968 966 1005 parat.

556 1015 621 1044 Mox
641 1023 717 1044 sacra
738 1014 814 1044 uitae
834 1014 960 1052 contigit,

332 1092 371 1122 25
593 1091 633 1120 De
652 1091 734 1128 plebe
754 1091 824 1120 lusit
843 1091 1018 1125 daemonum.

554 1138 642 1167 Iussit
661 1137 767 1167 fauillis
787 1145 914 1175 surgere:

555 1183 655 1213 Vixere
675 1184 752 1212 tactu
776 1183 883 1212 funera.

554 1229 678 1266 Flagella
698 1236 796 1265 passus
817 1229 860 1258 est
878 1228 978 1262 libens,

595 1305 700 1341 Quibus
721 1313 849 1334 eoronam
870 1305 973 1335 nexuit.

333 1351 372 1381 30
557 1350 711 1387 Conpulsus
732 1350 766 1379 ad
786 1350 941 1380 antistitem

556 1396 659 1426 Votum
680 1403 838 1434 repugnans
858 1395 960 1434 induit,

555 1442 633 1479 Quod
652 1443 748 1472 sancta
767 1442 907 1479 conpleuit
927 1441 1003 1471 fides.

800 1572 877 1601 XXI.

669 1654 806 1678 HYMNVS
823 1654 846 1678 S.
864 1653 1004 1679 DIONYSI.

594 1724 726 1761 Dionysio
739 1724 867 1754 Christus
881 1724 957 1753 dedit

557 1769 630 1806 Quot
643 1770 728 1802 bella.
742 1771 784 1799 tot
797 1769 937 1799 uictorias.

556 1816 626 1845 Exul
641 1817 749 1852 piorum
765 1816 834 1844 ciuis
849 1817 899 1850 est,

556 1862 639 1890 Vrbis
652 1869 788 1897 supernae
803 1861 950 1898 particeps.

353 1932 372 1962 5
594 1929 773 1959 Constantius
788 1930 883 1958 uatem
897 1930 955 1958 loco

557 1975 701 2011 Quondam
716 1977 850 2012 tyrannus
864 1976 976 2012 expulit.

555 2021 618 2050 Non
633 2021 716 2051 cessit
729 2022 782 2051 iste
795 2021 916 2057 turbido,

557 2067 652 2096 Creuit
664 2067 795 2105 perieulis
809 2067 886 2096 fides.

381 2195 413 2221 20
436 2203 483 2227 quo
498 2197 524 2226 b,
549 2197 612 2228 quod
628 2196 652 2221 B
744 2197 775 2221 25
799 2197 924 2221 demonum
941 2196 963 2226 (e
979 2196 1007 2220 in
1023 2199 1082 2226 rae.)
1105 2196 1129 2220 B
1221 2195 1251 2220 28
1268 2197 1306 2221 eet
1321 2197 1342 2227 (s

335 2235 408 2265 corr.)
426 2234 449 2259 B
541 2234 572 2259 80
587 2235 725 2259 antestitem
742 2235 776 2259 B¹
868 2235 897 2260 31
916 2236 972 2259 uoto
988 2242 1007 2259 r.
1024 2234 1105 2259 innuit
1120 2234 1177 2264 fort.
1296 2238 1299 2241 ·

365 2321 367 2324 Α
381 2286 448 2312 ΧΧῙ.
471 2287 594 2313 οΥΜΝῪΒ
610 2288 724 2314 ΒΔΝΟΤΙ
740 2288 887 2314 DIONYSII
905 2288 1019 2313 DICTVS
1031 2288 1050 2312 Δ
1064 2286 1179 2313 nomm
1194 2287 1342 2313 ENNODIO

334 2325 410 2352 emer.
426 2325 452 2351 B
527 2325 543 2350 2
559 2326 622 2357 quod
638 2327 662 2351 Β
738 2328 754 2353 5
771 2329 851 2352 uatem
864 2329 904 2357 (ua
914 2328 988 2357 corr.)
1004 2326 1029 2351 Β
1106 2326 1119 2351 ’ἲ
1131 2326 1229 2357 turpido
1239 2326 1280 2352 Bb
