1532 3123
1201 601 1244 622 XV

229 674 334 711 quibus
361 682 444 712 opera
464 683 497 703 ex
516 674 540 703 B
565 674 714 711 desumpta
740 674 888 710 excellunt,
915 683 950 703 ne
976 675 1104 705 diuinare
1130 676 1243 713 quidem

234 721 338 758 posset.
369 728 484 749 suorum
504 722 598 750 autem
619 720 747 749 codicum
766 728 818 757 ope
837 722 866 749 et
887 729 957 757 quae
973 721 1142 751 Basileensis
1157 722 1243 752 editio

233 767 366 796 omiserat
391 765 419 795 iu
446 766 538 795 lucem
563 766 672 803 prodire
697 765 778 795 iussit
798 768 827 796 et
846 766 1001 796 orationem
1020 767 1046 796 si
1066 775 1120 797 non
1142 768 1243 805 ubique

230 812 387 850 genuinam
406 813 503 841 tamen
523 812 642 841 latinam
662 812 793 849 reddidit,
812 820 867 849 qua
885 812 915 841 in
929 821 958 841 re
978 813 1106 842 accurata
1125 813 1244 850 posteri-

233 866 312 887 orum
328 859 500 895 scriptorum
514 858 671 896 cognitione
684 858 878 888 adiuuabatur.
900 867 983 896 quem
997 859 1115 896 denique
1128 868 1243 896 operum

234 912 340 934 nouum
367 905 492 934 ordinem
518 904 652 941 instituit,
681 905 704 934 is
725 905 837 942 quidem
859 913 912 934 non
933 914 967 934 ex
986 906 1062 935 omni
1082 906 1161 942 parte
1180 913 1244 942 pro-

235 951 294 980 bari
319 951 420 988 potest,
449 959 513 980 cum
532 951 562 979 in
583 950 745 981 Carminum
765 958 879 980 numero
903 951 1029 988 posuerit
1058 960 1128 989 quae
1154 951 1244 981 Dicti-

233 997 334 1026 onibus
365 996 573 1026 adnumeranda
602 998 682 1026 erant
702 997 731 1026 et
758 996 905 1026 fallacibus
935 996 1103 1034 lubricisque
1134 997 1245 1027 indiciis

232 1051 301 1072 -usus
321 1051 393 1080 quae
413 1043 607 1080 Epistularum
627 1042 844 1080 Carminumque
870 1051 968 1081 genere
994 1052 1049 1073 non
1070 1044 1245 1073 continentur

235 1088 265 1117 in
283 1088 426 1126 Opuseula
446 1089 476 1118 et
494 1089 638 1118 Dictiones
659 1089 801 1123 diuiserit3
830 1098 894 1118 eum
913 1089 1019 1124 tamen,
1045 1098 1079 1118 ne
1099 1090 1128 1118 in
1148 1098 1180 1118 re
1198 1090 1245 1119 ad-

234 1134 351 1163 modum
371 1134 459 1164 dubia
478 1135 558 1163 nouis
572 1134 737 1164 coniecturis
758 1135 932 1172 indulgerem
947 1136 976 1163 et
995 1135 1151 1172 legentium
1172 1143 1246 1165 com-

235 1180 367 1209 moditati
388 1180 479 1217 magis
499 1181 594 1210 obesse
614 1188 699 1217 quam
712 1181 840 1217 prodesse
854 1180 972 1216 uiderer,
993 1180 1172 1210 retinendum
1186 1188 1245 1210 esse

231 1226 309 1255 duxi.
343 1227 477 1263 antiquus
497 1226 571 1255 enim
593 1226 719 1255 codicum
740 1226 814 1263 ordo,
843 1227 890 1264 qui
910 1235 964 1255 non
986 1226 1021 1255 ab
1043 1227 1154 1255 auctore
1175 1227 1245 1263 ipso,

236 1273 284 1301 sed
304 1273 369 1310 post
388 1272 448 1301 eius
469 1274 588 1301 mortem
608 1273 705 1309 opinor
725 1280 742 1301 a
760 1272 904 1310 discipulo,
925 1272 973 1309 qui
994 1272 1122 1309 magistri
1143 1272 1246 1309 scripta

236 1319 309 1348 unde
329 1318 403 1348 unde
424 1318 540 1356 collegit
559 1318 700 1356 profectus
714 1320 741 1348 et
755 1318 801 1348 hic
820 1318 880 1348 illic
899 1318 1118 1348 describentium
1138 1317 1246 1348 incuria

235 1365 406 1394 immutatus
427 1366 479 1399 est,
500 1364 577 1394 nullo
598 1365 680 1401 pacto
700 1364 822 1394 editione
844 1364 1047 1401 repraesentari
1067 1365 1168 1401 potuit.

275 1494 309 1523 In
335 1494 476 1524 codicibus
501 1496 594 1523 autem
621 1502 689 1532 quos
715 1494 849 1532 descripsi
875 1494 993 1523 Ennodii
1019 1494 1127 1532 scripta
1146 1494 1197 1524 hoc
1216 1503 1246 1523 se
1275 1499 1371 1522 Antium

237 1540 334 1568 ordine
355 1539 508 1576 excipiunt:

238 1600 332 1630 Dictio
352 1601 367 1629 Ι

238 1645 358 1676 Carmen
377 1646 392 1675 Ι
411 1646 431 1675 6

239 1691 332 1721 Dictio
353 1691 410 1721 VII

238 1737 383 1775 Epistulae
406 1737 420 1766 I
443 1737 516 1767 1-4

238 1784 412 1820 opusculum
433 1783 486 1812 VlI

239 1829 384 1867 Epistulae
405 1828 419 1857 I
439 1828 515 1858 5—9

239 1874 414 1912 opuseulum
435 1874 522 1903 VIIII

240 1920 383 1958 Epistulae
403 1920 418 1949 Ι
441 1920 555 1950 10-20

239 1965 371 1996 Carmina
390 1966 406 1995 Ι
428 1966 453 1995 7.
475 1966 493 1995 8

238 2011 385 2049 Epistulae
405 2011 420 2040 1
440 2012 578 2041 21-119

240 2057 360 2087 Carmen
380 2057 394 2086 1
415 2058 433 2087 9

240 2103 384 2140 Epistulae
404 2103 434 2132 11
457 2103 501 2132 10.
525 2104 557 2132 11

240 2148 360 2178 Carmen
382 2147 412 2177 11
433 2148 447 2177 1

240 2195 384 2231 Epistulae
405 2193 435 2223 11
457 2193 501 2223 12.
525 2194 559 2223 13

240 2239 416 2277 Opusculum
436 2239 466 2268 11

230 2284 360 2315 -Carmen
381 2285 411 2315 11
432 2284 450 2314 2
568 2304 571 2308 ‹

242 2331 387 2368 Epistulae
397 2331 427 2361 11
441 2331 591 2361 14—1113

655 2109 732 2141 Epist.
742 2110 767 2134 11
778 2110 807 2134 10
815 2117 860 2133 om.
870 2110 890 2134 Τ
901 2110 1029 2134 adnotans:
1040 2111 1079 2135 hic
1087 2110 1152 2135 deese
1163 2111 1249 2140 capha

1299 1530 1345 1549 erdo

1262 1561 1383 1583 mximum-u.
