1532 3123
236 625 295 664 440
558 623 658 655 Magni
676 623 787 659 Felicis
803 623 923 649 Enuodi.

237 710 351 746 perante
377 709 504 738 transeat
530 708 560 737 in
588 709 730 738 naturam:
761 709 834 739 adsit
864 710 967 739 muniis
994 709 1096 738 nostris
1122 710 1248 747 aequalis

236 755 374 792 operatio:
404 754 551 792 conposita
581 755 719 784 seruitute
743 755 858 784 beatum
883 757 990 785 crescat
1020 756 1170 793 imperium
1196 764 1249 786 nec

237 801 382 841 subiaceat
402 801 524 836 moribus
544 801 593 837 qui
613 800 771 838 praeminet
790 801 938 840 dignitate.
963 810 1012 839 per
1031 802 1177 832 dominum
1198 811 1249 832 uo-

237 842 327 877 strum
348 837 440 877 l'esum
465 846 615 876 Christum.

557 930 676 954 ORATIO
692 929 737 954 ΔΝ
738 930 778 954 ΤΕ
795 929 924 954 MiSSAM.
1267 936 1280 955 ⁵

274 984 405 1014 Conlator
430 985 566 1014 bonorum
591 984 676 1020 deus,
702 985 748 1014 cni
775 984 891 1014 effectus
916 984 946 1013 in
966 985 1033 1014 uoto
1059 986 1119 1022 est,
1145 985 1194 1022 qui
1214 984 1249 1014 de

236 1031 328 1060 medio
342 1031 437 1068 populi
451 1031 575 1068 Moysen,
585 1030 616 1063 in
636 1032 789 1068 prophetae
803 1039 920 1068 persona
932 1030 1074 1061 dedicasti.
1100 1039 1167 1060 nam
1181 1033 1249 1060 dum

238 1077 366 1114 queritur
379 1077 413 1106 de
426 1077 621 1113 inbecillitate,
638 1078 666 1106 te
683 1079 795 1107 auctore
805 1077 962 1106 conualuit:
976 1077 1098 1114 sumpsit
1112 1077 1247 1106 meritum

238 1122 393 1160 pontificis,
422 1123 488 1152 dum
514 1123 605 1152 iustus
631 1123 674 1152 sui
701 1123 806 1153 arbiter
826 1132 855 1152 se
876 1123 1045 1153 uociferatur
1070 1122 1112 1152 nil
1137 1123 1248 1160 mereri,

239 1165 285 1213 cui
306 1162 411 1207 apicem
432 1169 541 1198 actione
561 1169 713 1198 sublimem
733 1169 892 1198 conciliauit
919 1168 1075 1198 humilitas.
1097 1168 1132 1198 da
1152 1176 1249 1206 parem
1257 1181 1279 1198 ιο

238 1216 340 1244 nostris
370 1212 488 1244 exordiis
514 1215 635 1252 gratiam
647 1237 654 1251 ‚
685 1216 750 1252 quia
776 1216 983 1252 propensiorem
1014 1215 1109 1245 deberi
1139 1214 1249 1244 actibus

237 1260 410 1290 declaramus
431 1258 574 1290 offensam.
595 1269 650 1291 non
671 1262 738 1291 suut
754 1261 891 1291 inusitata
904 1270 975 1298 quae
996 1261 1148 1298 poscimus:
1170 1260 1247 1290 beni-

236 1307 331 1346 gnitas
345 1308 395 1345 tua
407 1307 570 1344 testimonio
585 1307 698 1336 tenetur
709 1307 836 1345 exempli.
856 1315 887 1336 eo
899 1307 972 1336 circa.
983 1315 1033 1336 uos
1044 1307 1098 1336 eris
1110 1306 1249 1336 bonorum

237 1353 387 1393 largitione
407 1353 578 1391 clementior,
599 1361 653 1389 quo
673 1353 833 1382 substantia
852 1355 949 1382 nostra
968 1353 1042 1383 fecta
1063 1353 1106 1382 est
1125 1353 1160 1382 de
1181 1361 1248 1390 pec-

239 1399 293 1428 cati
315 1398 390 1428 fasce
402 1398 562 1435 procliuior.
584 1398 629 1433 da,
651 1399 720 1428 bone
733 1399 894 1435 imperator,
914 1398 1028 1436 dignam
1042 1400 1091 1428 tua
1111 1399 1278 1428 electionem

236 1444 383 1480 uirtutem,
398 1445 465 1482 quia
478 1444 530 1473 sub
543 1445 589 1482 pio
602 1444 727 1482 principe
741 1444 819 1474 nulla
833 1444 955 1474 militem
965 1445 1106 1474 decolorat
1119 1444 1247 1474 abiectio.

236 1499 288 1527 per
307 1491 451 1525 dominum
471 1491 598 1519 nostrum
617 1491 711 1520 Iesum
730 1490 883 1521 Christum.

717 1597 766 1625 VI.

381 1679 507 1716 DICTIO
533 1679 593 1720 [DE
616 1680 839 1710 HAERETICIS
862 1681 908 1710 ET
929 1679 1099 1718 SYNODOJ.

272 1756 326 1786 Pro
346 1757 453 1786 ratione
473 1758 636 1787 soluendum
657 1760 699 1787 est
719 1759 791 1794 quod
811 1766 859 1795 pro
880 1758 989 1787 ratione
1002 1757 1157 1787 tacuimus:
1179 1765 1280 1787 namne

235 1805 266 1832 ut
285 1804 382 1840 petest
400 1805 428 1832 et
448 1803 560 1841 linguae
581 1805 692 1832 nostrae
712 1804 804 1833 officia
819 1806 847 1832 et
867 1803 1013 1835 silentium
1030 1803 1166 1832 ordinatis
1186 1811 1247 1832 ser-

236 1847 309 1878 uisse
322 1849 505 1886 temporibus,
518 1850 573 1879 fide
587 1849 716 1878 hortante
729 1849 759 1878 in
773 1850 896 1879 officium
912 1850 1047 1878 sermonis
1062 1849 1246 1886 erumpimus.

235 1894 310 1923 idem
331 1897 405 1925 enim
426 1897 469 1925 est
488 1904 660 1934 superuacuo
680 1895 756 1933 loqui
777 1895 850 1932 quod
869 1895 1023 1925 necessarie
1044 1903 1099 1924 non
1119 1895 1248 1924 locutum

282 1987 292 2010 1
311 1987 431 2011 maturam
448 1987 473 2011 Β
557 1986 667 2017 aequales
683 1986 708 2010 Β
793 1986 808 2010 3
823 1986 970 2017 dignitatem
987 1985 1011 2010 L
1095 1985 1111 2009 4
1127 1985 1249 2009 christum

234 2039 357 2064 dominum
380 2040 403 2064 T
492 2040 571 2064 Iesum
587 2040 713 2065 Christum
728 2047 774 2064 om.
790 2039 874 2070 LTV;
898 2040 954 2064 finit
969 2039 1028 2064 add.
1043 2039 1070 2064 Β
1161 2039 1177 2063 6
1192 2045 1248 2076 cou-

235 2093 298 2118 lator
313 2078 423 2118 ¹*onerum
439 2093 464 2117 Β
556 2094 570 2118 7
586 2093 671 2125 medio]
688 2100 740 2118 meo
756 2093 781 2118 L
864 2093 941 2124 moysi
957 2093 982 2117 Β
1066 2093 1082 2117 8
1097 2077 1250 2130 iubicilitate

234 2139 266 2169 Β,
290 2140 461 2164 imbecellitete
477 2141 510 2164 L¹
587 2142 667 2164 actore
685 2140 707 2163 T
782 2140 798 2164 9
809 2140 925 2164 uociferut
936 2139 1011 2164 LTV
1087 2139 1116 2162 10
1126 2139 1249 2164 actionem

234 2179 269 2207 (m
285 2179 313 2202 in
329 2179 355 2202 iu
371 2185 432 2202 corr.
449 2179 559 2207 uidetur)
580 2179 605 2202 B
697 2178 785 2202 sublim
808 2178 831 2202 T
920 2184 1013 2208 patrem
1030 2178 1051 2207 (t
1067 2178 1140 2206 eras.)
1161 2176 1187 2200 L

235 2216 266 2240 14
285 2216 388 2247 peccetis
410 2216 434 2240 L
526 2216 555 2240 16
577 2216 645 2240 nulla
665 2223 711 2240 om.
734 2215 757 2240 T
848 2216 876 2239 17
899 2216 1008 2239 nostrum
1023 2215 1102 2239 Iesum
1120 2213 1249 2239 Christum

233 2262 280 2279 om.
297 2254 380 2282 LTV;
403 2254 459 2279 finit
474 2254 533 2278 add.
549 2254 574 2278 B

280 2300 322 2325 VI.
347 2300 383 2325 De
398 2300 524 2325 haereticis
541 2302 565 2324 et
580 2300 677 2331 syuodo.
701 2300 774 2325 Sacra»
789 2301 856 2324 sexto.
871 2300 944 2325 inser.
961 2299 1043 2329 Sir-m„
1064 2305 1110 2323 om.
1127 2298 1186 2324 libri

233 2339 265 2370 21
288 2338 371 2372 lingue
396 2338 421 2362 B
526 2338 557 2369 22
579 2340 676 2373 ornate
701 2338 726 2363 Β
833 2338 864 2362 23
888 2344 1036 2369 superuacua
1059 2337 1137 2367 eloqui
1161 2336 1187 2361 Β

235 2377 379 2402 necessariae
396 2376 474 2401 BLV
